2550 4718
168 266 215 341 n,
374 249 459 342 nt.
485 251 585 322 ran.
614 250 927 349 quinctium
1024 224 1026 228 ’

165 445 238 523 ciat
248 439 416 540 populus
430 441 643 530 Romanus,
672 440 744 516 Ne
752 436 903 539 judicia
918 431 1177 551 transferam·

165 573 253 650 ταῖς
288 557 383 630 alter
399 570 530 632 autem
545 554 654 656 asper
670 570 709 628 et
723 579 853 642 rarus,
891 581 973 656 quo
988 554 1166 643 minnt'ur

164 673 364 772 corruptis
385 669 690 757 accusationem,
718 685 758 743 et
771 669 814 744 id
828 669 992 769 quidem
1010 662 1166 749 incon·

162 784 252 864 silio
274 788 466 886 ampliore
492 803 697 884 utcunque
711 785 855 875 tutin&
893 810 986 860 uam
1008 800 1047 858 et
1069 786 1166 863 mali

162 901 418 990 inhibentur,
454 918 495 976 et
512 902 610 977 boni
627 899 820 998 gaudent:
863 899 971 999 apud
989 891 1166 1000 singulos

98 1038 101 1042 ·
162 1042 277 1092 vero'
308 1041 517 1116 nunquam
564 1011 772 1103 suaserim,
826 1013 901 1090 nisi
948 1014 1167 1090 defecerint

116 1132 316 1208 comnia:
382 1129 502 1241 Quod
523 1127 550 1205 st
574 1127 765 1204 necessrtas
789 1131 932 1229 exigit,
978 1132 1164 1206 nouerit

163 1252 240 1340 jam
258 1262 402 1333 exarte
420 1245 610 1320 oratoria:
649 1268 734 1319 non
751 1245 874 1344 magis
890 1270 1012 1344 quam
1030 1244 1164 1346 appel·

163 1363 265 1450 lare,
303 1358 450 1435 etiamst
472 1358 517 1433 id
542 1383 704 1456 quoque
725 1356 836 1459 saepe
857 1361 956 1434 utile
973 1357 1046 1449 est3
1085 1375 1165 1449 aut,

165 1493 372 1575 antequam
388 1474 645 1575 pronunciet,
683 1498 798 1547 rcum
825 1471 963 1549 facere.
1008 1499 1102 1548 nam
1124 1493 1165 1549 et

163 1592 309 1667 minari
346 1605 386 1663 et
423 1586 577 1662 deferre
607 1588 724 1661 etiam
753 1615 839 1666 non
865 1604 996 1665 orator
1025 1586 1163 1688 potest.

115 1706 205 1781 flasi
239 1701 349 1779 causa
384 1700 624 1778 conciliandi
654 1702 770 1779 nobis
795 1702 937 1799 judicis
960 1704 1164 1778 materiam

162 1819 296 1919 dabit,
340 1842 389 1892 ex
410 1817 499 1906 ¹hac
538 1814 779 1918 potissmmm
814 1820 945 1917 aliqua
973 1819 1017 1893 in
1044 1813 1164 1892 usum

69 1922 76 1947 ’
162 1934 373 2036 principii,
413 1957 515 2030 quae
533 1934 702 2006 maxime
715 1930 950 2041 ¹favorabilia
966 1931 1165 2033 videbun·
1195 1925 1196 1929 ¹

159 2065 252 2137 tur,
297 2047 456 2146 decerpi
484 2048 695 2146 oportebit.
745 2051 895 2145 quoin
921 2050 1012 2123 loco
1037 2046 1167 2146 Virgi-

24 2160 26 2167 ’
62 2176 68 2191 ’
162 2162 257 2240 nius
281 2159 453 2249 fallitur,
503 2164 575 2261 qui
612 2159 829 2237 Theodoro
855 2162 1009 2260 placere
1033 2160 1166 2250 tradit,

163 2294 210 2358 ut
226 2342 230 2349 .
244 2302 292 2352 ex
325 2274 488 2376 singulis
518 2273 814 2375 quaestionibus
853 2273 997 2376 singuli
1032 2271 1167 2379 sensus

67 2454 69 2458 ,
118 2396 210 2468 ²«lin
235 2394 491 2494 prooemium
520 2390 804 2468 conserantur.·
860 2384 966 2466 Nam
988 2384 1167 2489 ille'non

166 2509 245 2583 lroc
287 2506 405 2594 dicit,
459 2503 527 2579 sed
565 2505 615 2578 ad
654 2504 928 2607 potentissunas
971 2504 1168 2604 quaestio·

166 2648 237 2700 nes
272 2620 447 2718 judicem
483 2620 807 2721 praeparandum.
862 2622 907 2694 in
952 2646 1033 2719 quo
1074 2623 1167 2697 vitii

165 2739 270 2817 nihil
295 2753 394 2849 erat,
426 2735 502 2813 nisi
522 2739 567 2812 iu
592 2732 827 2815 universum
848 2735 893 2812 id
913 2738 1166 2838 praeciperet,

229 3021 347 3094 populus
367 3020 512 3076 nomam.
557 3016 651 3088 Guels.
683 3034 792 3093 praetor
819 3034 881 3072 eum
911 3017 1035 3095 margine
1059 3014 1169 3090 aliquot

167 3101 231 3159 edd.
268 3103 495 3177 l·'requentilsrma
510 3103 648 3165 confusio.
663 3123 732 3176 quae
747 3103 777 3156 in
792 3101 843 3156 hac
857 3101 911 3175 ipsa
926 3119 956 3154 ra
970 3101 1005 3155 est
1018 3102 1092 3175 apud
1107 3104 1167 3158 Cic.

166 3193 228 3245 Act.
245 3206 287 3263 pr.
300 3190 330 3242 iu
346 3191 425 3245 Verr.
440 3208 463 3244 c.
479 3202 507 3256 3.
530 3205 602 3243 extr.
620 3188 657 3247 cs.
670 3186 811 3243 Drakeub.
827 3184 861 3238 ad
876 3185 942 3241 Liv.
959 3199 1008 3254 31,
1027 3203 1073 3246 ιο,
1087 3197 1116 3259 4.
1132 3188 1168 3248 it.

73 3294 81 3311 t
166 3272 280 3328 llulanl.
293 3273 327 3329 nd
342 3271 415 3328 vell.
433 3288 460 3331 2.
477 3271 526 3333 δι.
542 3287 570 3340 3.

233 3386 420 3466 21.-e0nfilio.
462 3389 507 3442 Sic
523 3387 619 3442 Turio.
636 3384 710 3444 ntm.
727 3387 811 3442 ch.
829 3383 925 3457 Crmp.
944 3379 1022 3437 Balil.
1053 3380 1171 3456 Reliqui

166 3472 263 3526 omnes
287 3474 406 3529 concisio.
448 3470 500 3526 sed
515 3471 578 3542 quis
599 3470 633 3526 de
654 3469 795 3544 jndicibus
810 3486 932 3542 unquam
949 3467 1092 3544 usurpavit
1107 3487 1170 3523 eon·

166 3558 281 3611 cilium?
301 3556 335 3610 cs.
356 3575 410 3618 ιι.
435 3566 470 3625 5.
497 3569 564 3620 127.
588 3556 618 3609 it·
645 3571 697 3615 ra,
727 3574 780 3615 ιο,
805 3567 854 3621 52.

229 3689 370 3747 utcunque.
407 3650 499 3728 both.
518 3685 545 3724 et
562 3672 658 3744 Camp.
674 3687 828 3743 uerumque,
852 3663 929 3720 male.

230 3799 280 3854 23·
305 3787 452 3863 Virginius.
495 3787 591 3843 Turio.
609 3787 751 3862 Verginius
767 3798 799 3838 ut
815 3797 843 3837 ct
858 3771 937 3860 supra
953 3797 981 3852 3,
1000 3801 1026 3844 ι.
1042 3795 1109 3851 αι.Ι

204 4032 254 4074 21.
278 4014 397 4095 consilio.
428 4019 480 4070 int.
509 3990 646 4090 judicum.
733 4027 782 4086 23.
805 4015 950 4092 virginius.
1000 4009 1059 4066 vid.
1077 4023 1112 4078 5.
1143 4031 1169 4073 ¹·

165 4104 201 4160 cs.
216 4119 275 4159 not.
292 4122 335 4157 ex.
348 4101 381 4158 ud
394 4115 422 4171 3.
438 4109 468 4172 Β.
486 4115 513 4156 2.
691 4113 740 4155 or.
