<?xml version="1.0" encoding="UTF-8"?>
<!DOCTYPE html PUBLIC "-//W3C//DTD XHTML 1.0 Transitional//EN"
    "http://www.w3.org/TR/xhtml1/DTD/xhtml1-transitional.dtd">
<html xmlns="http://www.w3.org/1999/xhtml" xml:lang="en" lang="en">
 <head>
  <title>
</title>
<meta http-equiv="Content-Type" content="text/html;charset=utf-8" />
  <meta name='ocr-system' content='tesseract 3.04.00' />
  <meta name='ocr-capabilities' content='ocr_page ocr_carea ocr_par ocr_line ocrx_word'/>
</head>
<body>
  <div class='ocr_page' id='page_1' title='image "./deinstitutioneo01quingoog_0646.png"; bbox 0 0 2550 4718; ppageno 0'>
   <div class='ocr_carea' id='block_1_1' title="bbox 304 304 1158 422">
    <p class='ocr_par' dir='ltr' id='par_1_1' title="bbox 304 304 1158 422">
     <span class='ocr_line' id='line_1_1' title="bbox 304 304 1158 422; baseline 0.008 -51"><span class='ocrx_word' id='word_1_1' title='bbox 304 304 427 373; x_wconf 77' lang='lat' dir='ltr'>msc.</span> <span class='ocrx_word' id='word_1_2' title='bbox 456 304 931 390; x_wconf 75' lang='lat' dir='ltr'>onarua.utu.v1‚5.</span> <span class='ocrx_word' id='word_1_3' title='bbox 1047 306 1121 422; x_wconf 53' lang='grc' dir='ltr'>σξη</span> <span class='ocrx_word' id='word_1_4' title='bbox 1153 346 1158 363; x_wconf 89' lang='grc'>-.</span> 
     </span>
    </p>
   </div>
   <div class='ocr_carea' id='block_1_2' title="bbox 114 488 1203 1739">
    <p class='ocr_par' dir='ltr' id='par_1_2' title="bbox 114 488 1203 1739">
     <span class='ocr_line' id='line_1_2' title="bbox 119 488 1147 594; baseline 0.001 -28"><span class='ocrx_word' id='word_1_5' title='bbox 119 488 436 594; x_wconf 82' lang='lat' dir='ltr'>posterumlpei</span> <span class='ocrx_word' id='word_1_6' title='bbox 463 517 548 569; x_wconf 89' lang='lat' dir='ltr'>non</span> <span class='ocrx_word' id='word_1_7' title='bbox 578 505 661 564; x_wconf 88' lang='lat' dir='ltr'>erat</span> <span class='ocrx_word' id='word_1_8' title='bbox 686 492 796 566; x_wconf 88' lang='lat' dir='ltr'>ratio.</span> <span class='ocrx_word' id='word_1_9' title='bbox 855 490 986 579; x_wconf 83' lang='lat' dir='ltr'><strong>Idem,</strong></span> <span class='ocrx_word' id='word_1_10' title='bbox 1025 517 1147 587; x_wconf 65' lang='lat' dir='ltr'>cuma</span> 
     </span>
     <span class='ocr_line' id='line_1_3' title="bbox 121 601 1121 711; baseline 0.003 -32"><span class='ocrx_word' id='word_1_11' title='bbox 121 601 309 687; x_wconf 81' lang='lat' dir='ltr'>offensam</span> <span class='ocrx_word' id='word_1_12' title='bbox 349 623 577 693; x_wconf 83' lang='lat' dir='ltr'>vereretur,</span> <span class='ocrx_word' id='word_1_13' title='bbox 632 603 662 680; x_wconf 84' lang='lat' dir='ltr'>fi</span> <span class='ocrx_word' id='word_1_14' title='bbox 704 605 929 707; x_wconf 78' lang='lat' dir='ltr'>objurgaret</span> <span class='ocrx_word' id='word_1_15' title='bbox 975 608 1121 711; x_wconf 88' lang='lat' dir='ltr'>populi</span> 
     </span>
     <span class='ocr_line' id='line_1_4' title="bbox 117 719 1119 823; baseline -0.001 -27"><span class='ocrx_word' id='word_1_16' title='bbox 117 721 325 821; x_wconf 82' lang='lat' dir='ltr'><strong>segnitiem</strong></span> <span class='ocrx_word' id='word_1_17' title='bbox 354 722 399 796; x_wconf 91' lang='lat' dir='ltr'>in</span> <span class='ocrx_word' id='word_1_18' title='bbox 431 719 628 795; x_wconf 81' lang='lat' dir='ltr'>afferenda</span> <span class='ocrx_word' id='word_1_19' title='bbox 657 719 839 793; x_wconf 87' lang='lat' dir='ltr'>libertate</span> <span class='ocrx_word' id='word_1_20' title='bbox 864 723 1119 823; x_wconf 88' lang='lat' dir='ltr'>reipublicae,</span> 
     </span>
     <span class='ocr_line' id='line_1_5' title="bbox 116 834 1120 932; baseline 0.004 -22"><span class='ocrx_word' id='word_1_21' title='bbox 116 843 317 925; x_wconf 79' lang='lat' dir='ltr'>maiorum</span> <span class='ocrx_word' id='word_1_22' title='bbox 333 836 452 912; x_wconf 86' lang='lat' dir='ltr'>laude</span> <span class='ocrx_word' id='word_1_23' title='bbox 468 839 529 911; x_wconf 92' lang='lat' dir='ltr'>uti</span> <span class='ocrx_word' id='word_1_24' title='bbox 544 836 703 921; x_wconf 87' lang='lat' dir='ltr'>maluit,</span> <span class='ocrx_word' id='word_1_25' title='bbox 716 837 801 932; x_wconf 90' lang='lat' dir='ltr'>&#39;qui</span> <span class='ocrx_word' id='word_1_26' title='bbox 815 860 900 908; x_wconf 91' lang='lat' dir='ltr'>eam</span> <span class='ocrx_word' id='word_1_27' title='bbox 917 834 1120 914; x_wconf 83' lang='lat' dir='ltr'>fortiffnne</span> 
     </span>
     <span class='ocr_line' id='line_1_6' title="bbox 117 937 1120 1043; baseline 0.004 -18"><span class='ocrx_word' id='word_1_28' title='bbox 117 937 451 1025; x_wconf 72' lang='lat' dir='ltr'>administrassent.</span> <span class='ocrx_word' id='word_1_29' title='bbox 510 951 616 1025; x_wconf 88' lang='lat' dir='ltr'>Nam</span> <span class='ocrx_word' id='word_1_30' title='bbox 630 965 669 1023; x_wconf 87' lang='lat' dir='ltr'>et</span> <span class='ocrx_word' id='word_1_31' title='bbox 686 947 820 1025; x_wconf 81' lang='lat' dir='ltr'>faciles</span> <span class='ocrx_word' id='word_1_32' title='bbox 836 949 976 1025; x_wconf 89' lang='lat' dir='ltr'>habuit</span> <span class='ocrx_word' id='word_1_33' title='bbox 992 977 1120 1043; x_wconf 87' lang='lat' dir='ltr'>aures,</span> 
     </span>
     <span class='ocr_line' id='line_1_7' title="bbox 117 1064 1203 1165; baseline 0.004 -25"><span class='ocrx_word' id='word_1_34' title='bbox 117 1083 157 1141; x_wconf 88' lang='lat' dir='ltr'>et</span> <span class='ocrx_word' id='word_1_35' title='bbox 178 1084 316 1151; x_wconf 82' lang='lat' dir='ltr'>natura</span> <span class='ocrx_word' id='word_1_36' title='bbox 340 1064 593 1165; x_wconf 79' lang='lat' dir='ltr'>sequebatur,</span> <span class='ocrx_word' id='word_1_37' title='bbox 643 1079 687 1138; x_wconf 90' lang='lat' dir='ltr'>ut</span> <span class='ocrx_word' id='word_1_38' title='bbox 710 1066 877 1141; x_wconf 83' lang='lat' dir='ltr'>meliora</span> <span class='ocrx_word' id='word_1_39' title='bbox 905 1066 1118 1164; x_wconf 82' lang='lat' dir='ltr'>probantes</span> <span class='ocrx_word' id='word_1_40' title='bbox 1199 1106 1203 1115; x_wconf 95' lang='lat'>·</span> 
     </span>
     <span class='ocr_line' id='line_1_8' title="bbox 115 1178 1143 1284; baseline 0.001 -29"><span class='ocrx_word' id='word_1_41' title='bbox 115 1206 301 1284; x_wconf 68' lang='lat' dir='ltr'>peiorum</span> <span class='ocrx_word' id='word_1_42' title='bbox 324 1182 555 1280; x_wconf 88' lang='lat' dir='ltr'>poeniteret.</span> <span class='ocrx_word' id='word_1_43' title='bbox 614 1181 819 1261; x_wconf 82' lang='lat' dir='ltr'>Ciceronis</span> <span class='ocrx_word' id='word_1_44' title='bbox 852 1178 1017 1278; x_wconf 89' lang='lat' dir='ltr'>quidem</span> <span class='ocrx_word' id='word_1_45' title='bbox 1047 1184 1143 1275; x_wconf 85' lang='lat' dir='ltr'>vel9</span> 
     </span>
     <span class='ocr_line' id='line_1_9' title="bbox 116 1293 1119 1394; baseline 0.002 -23"><span class='ocrx_word' id='word_1_46' title='bbox 116 1323 199 1371; x_wconf 88' lang='lat' dir='ltr'>una</span> <span class='ocrx_word' id='word_1_47' title='bbox 221 1321 294 1394; x_wconf 90' lang='lat' dir='ltr'>pro</span> <span class='ocrx_word' id='word_1_48' title='bbox 319 1297 507 1375; x_wconf 90' lang='lat' dir='ltr'>Cluentio</span> <span class='ocrx_word' id='word_1_49' title='bbox 528 1293 749 1393; x_wconf 80' lang='lat' dir='ltr'>quamlibet</span> <span class='ocrx_word' id='word_1_50' title='bbox 769 1295 905 1370; x_wconf 89' lang='lat' dir='ltr'>multis</span> <span class='ocrx_word' id='word_1_51' title='bbox 928 1298 1119 1394; x_wconf 81' lang='lat' dir='ltr'>exemplis</span> 
     </span>
     <span class='ocr_line' id='line_1_10' title="bbox 115 1405 1120 1506; baseline -0.001 -20"><span class='ocrx_word' id='word_1_52' title='bbox 115 1405 316 1486; x_wconf 84' lang='lat' dir='ltr'>suffecerit</span> <span class='ocrx_word' id='word_1_53' title='bbox 338 1412 474 1487; x_wconf 87' lang='lat' dir='ltr'>oratio.</span> <span class='ocrx_word' id='word_1_54' title='bbox 545 1412 671 1496; x_wconf 90' lang='lat' dir='ltr'>Nam,</span> <span class='ocrx_word' id='word_1_55' title='bbox 708 1407 821 1506; x_wconf 91' lang='lat' dir='ltr'>quod</span> <span class='ocrx_word' id='word_1_56' title='bbox 847 1411 891 1482; x_wconf 91' lang='lat' dir='ltr'>in</span> <span class='ocrx_word' id='word_1_57' title='bbox 917 1435 965 1485; x_wconf 91' lang='lat' dir='ltr'>eo</span> <span class='ocrx_word' id='word_1_58' title='bbox 993 1409 1120 1485; x_wconf 87' lang='lat' dir='ltr'>conli-</span> 
     </span>
     <span class='ocr_line' id='line_1_11' title="bbox 116 1522 1119 1624; baseline 0 -23"><span class='ocrx_word' id='word_1_59' title='bbox 116 1528 220 1601; x_wconf 91' lang='lat' dir='ltr'>lium</span> <span class='ocrx_word' id='word_1_60' title='bbox 256 1528 425 1598; x_wconf 84' lang='lat' dir='ltr'>maxime</span> <span class='ocrx_word' id='word_1_61' title='bbox 457 1526 606 1600; x_wconf 73' lang='lat' dir='ltr'>mirer?</span> <span class='ocrx_word' id='word_1_62' title='bbox 651 1525 872 1622; x_wconf 86' lang='lat' dir='ltr'>primamne</span> <span class='ocrx_word' id='word_1_63' title='bbox 910 1522 1119 1624; x_wconf 86' lang='lat' dir='ltr'>expositio-</span> 
     </span>
     <span class='ocr_line' id='line_1_12' title="bbox 114 1635 1119 1739; baseline 0.003 -24"><span class='ocrx_word' id='word_1_64' title='bbox 114 1665 221 1730; x_wconf 86' lang='lat' dir='ltr'>nem,</span> <span class='ocrx_word' id='word_1_65' title='bbox 243 1665 322 1739; x_wconf 89' lang='lat' dir='ltr'>qua</span> <span class='ocrx_word' id='word_1_66' title='bbox 335 1642 462 1729; x_wconf 87' lang='lat' dir='ltr'>matri,</span> <span class='ocrx_word' id='word_1_67' title='bbox 490 1644 603 1734; x_wconf 88' lang='lat' dir='ltr'>cujus</span> <span class='ocrx_word' id='word_1_68' title='bbox 620 1635 751 1712; x_wconf 90' lang='lat' dir='ltr'>filium</span> <span class='ocrx_word' id='word_1_69' title='bbox 770 1639 972 1738; x_wconf 88' lang='lat' dir='ltr'>premebat</span> <span class='ocrx_word' id='word_1_70' title='bbox 986 1657 1119 1718; x_wconf 83' lang='lat' dir='ltr'>aucto·</span> 
     </span>
    </p>
   </div>
   <div class='ocr_carea' id='block_1_3' title="bbox 61 1884 1218 2299">
    <p class='ocr_par' dir='ltr' id='par_1_3' title="bbox 61 1884 1218 2299">
     <span class='ocr_line' id='line_1_13' title="bbox 181 1884 1116 1962; baseline -0.001 -19"><span class='ocrx_word' id='word_1_71' title='bbox 181 1899 210 1958; x_wconf 81' lang='lat'>8.</span> <span class='ocrx_word' id='word_1_72' title='bbox 225 1908 292 1943; x_wconf 73' lang='lat' dir='ltr'>eain.</span> <span class='ocrx_word' id='word_1_73' title='bbox 324 1888 418 1945; x_wconf 77' lang='lat' dir='ltr'>Turio.</span> <span class='ocrx_word' id='word_1_74' title='bbox 436 1884 529 1943; x_wconf 79' lang='lat' dir='ltr'>Guelf.</span> <span class='ocrx_word' id='word_1_75' title='bbox 544 1888 788 1962; x_wconf 66' lang='lat' dir='ltr'>campactum</span> <span class='ocrx_word' id='word_1_76' title='bbox 803 1885 890 1942; x_wconf 85' lang='lat' dir='ltr'>Gotb.</span> <span class='ocrx_word' id='word_1_77' title='bbox 906 1887 1021 1946; x_wconf 83' lang='lat' dir='ltr'><strong>Voff.2.</strong></span> <span class='ocrx_word' id='word_1_78' title='bbox 1041 1887 1116 1946; x_wconf 80' lang='lat' dir='ltr'>Alai.</span> 
     </span>
     <span class='ocr_line' id='line_1_14' title="bbox 116 1970 1118 2043; baseline 0.001 -16"><span class='ocrx_word' id='word_1_79' title='bbox 116 1974 204 2032; x_wconf 73' lang='lat' dir='ltr'>Andr.</span> <span class='ocrx_word' id='word_1_80' title='bbox 221 1987 248 2027; x_wconf 92' lang='lat' dir='ltr'>et</span> <span class='ocrx_word' id='word_1_81' title='bbox 264 1971 325 2027; x_wconf 77' lang='lat' dir='ltr'>edd.</span> <span class='ocrx_word' id='word_1_82' title='bbox 340 1989 401 2027; x_wconf 80' lang='lat' dir='ltr'>ante</span> <span class='ocrx_word' id='word_1_83' title='bbox 416 1975 505 2027; x_wconf 81' lang='lat' dir='ltr'>Stuer.</span> <span class='ocrx_word' id='word_1_84' title='bbox 532 1971 703 2026; x_wconf 79' lang='lat' dir='ltr'>Emendtvit</span> <span class='ocrx_word' id='word_1_85' title='bbox 717 1971 818 2043; x_wconf 77' lang='lat' dir='ltr'>eliquit</span> <span class='ocrx_word' id='word_1_86' title='bbox 832 1970 948 2034; x_wconf 53' lang='lat' dir='ltr'>doctum</span> <span class='ocrx_word' id='word_1_87' title='bbox 969 1972 1118 2028; x_wconf 82' lang='lat' dir='ltr'>rectiffime</span> 
     </span>
     <span class='ocr_line' id='line_1_15' title="bbox 61 2040 1118 2132; baseline -0.002 -19"><span class='ocrx_word' id='word_1_88' title='bbox 61 2098 65 2103; x_wconf 94' lang='lat'>-</span> <span class='ocrx_word' id='word_1_89' title='bbox 115 2058 180 2118; x_wconf 84' lang='lat' dir='ltr'>ille,</span> <span class='ocrx_word' id='word_1_90' title='bbox 202 2057 362 2131; x_wconf 73' lang='lat' dir='ltr'>quicunque</span> <span class='ocrx_word' id='word_1_91' title='bbox 379 2058 510 2132; x_wconf 87' lang='lat' dir='ltr'>primum.</span> <span class='ocrx_word' id='word_1_92' title='bbox 555 2040 743 2129; x_wconf 79' lang='lat' dir='ltr'>Neqiieenim</span> <span class='ocrx_word' id='word_1_93' title='bbox 760 2054 873 2115; x_wconf 79' lang='lat' dir='ltr'>sufficit,</span> <span class='ocrx_word' id='word_1_94' title='bbox 900 2055 929 2108; x_wconf 89' lang='lat' dir='ltr'>id</span> <span class='ocrx_word' id='word_1_95' title='bbox 951 2056 1028 2128; x_wconf 87' lang='lat' dir='ltr'>quod</span> <span class='ocrx_word' id='word_1_96' title='bbox 1051 2057 1118 2114; x_wconf 81' lang='lat' dir='ltr'>lacit</span> 
     </span>
     <span class='ocr_line' id='line_1_16' title="bbox 114 2134 1218 2216; baseline -0.001 -19"><span class='ocrx_word' id='word_1_97' title='bbox 114 2145 230 2201; x_wconf 67' lang='lat' dir='ltr'>Burni„</span> <span class='ocrx_word' id='word_1_98' title='bbox 266 2143 391 2215; x_wconf 83' lang='lat' dir='ltr'>proferre</span> <span class='ocrx_word' id='word_1_99' title='bbox 413 2139 540 2214; x_wconf 79' lang='lat' dir='ltr'>example</span> <span class='ocrx_word' id='word_1_100' title='bbox 563 2137 767 2214; x_wconf 75' lang='lat' dir='ltr'>administrandi</span> <span class='ocrx_word' id='word_1_101' title='bbox 789 2139 919 2213; x_wconf 81' lang='lat' dir='ltr'>rempubl.</span> <span class='ocrx_word' id='word_1_102' title='bbox 934 2140 1009 2214; x_wconf 86' lang='lat' dir='ltr'>quod</span> <span class='ocrx_word' id='word_1_103' title='bbox 1024 2141 1118 2216; x_wconf 74' lang='lat' dir='ltr'>ipsum</span> <span class='ocrx_word' id='word_1_104' title='bbox 1209 2134 1218 2151; x_wconf 77' lang='lat'><strong><em>‘</em></strong></span> 
     </span>
     <span class='ocr_line' id='line_1_17' title="bbox 115 2225 533 2299; baseline -0.002 -20"><span class='ocrx_word' id='word_1_105' title='bbox 115 2226 224 2281; x_wconf 84' lang='lat' dir='ltr'>nonest</span> <span class='ocrx_word' id='word_1_106' title='bbox 240 2227 271 2281; x_wconf 85' lang='lat' dir='ltr'>in</span> <span class='ocrx_word' id='word_1_107' title='bbox 286 2227 377 2281; x_wconf 84' lang='lat' dir='ltr'>veteri</span> <span class='ocrx_word' id='word_1_108' title='bbox 393 2225 533 2299; x_wconf 83' lang='lat' dir='ltr'>scriptura.</span> 
     </span>
    </p>
   </div>
   <div class='ocr_carea' id='block_1_4' title="bbox 181 2298 1116 2405">
    <p class='ocr_par' dir='ltr' id='par_1_4' title="bbox 181 2298 1116 2405">
     <span class='ocr_line' id='line_1_18' title="bbox 181 2298 1116 2405; baseline 0.001 -22"><span class='ocrx_word' id='word_1_109' title='bbox 181 2349 209 2403; x_wconf 84' lang='lat'>9.</span> <span class='ocrx_word' id='word_1_110' title='bbox 226 2328 374 2405; x_wconf 76' lang='lat' dir='ltr'>suffecerit.</span> <span class='ocrx_word' id='word_1_111' title='bbox 416 2330 510 2383; x_wconf 87' lang='lat' dir='ltr'>Turic.</span> <span class='ocrx_word' id='word_1_112' title='bbox 528 2298 882 2404; x_wconf 63' lang='lat' dir='ltr'>Guelf.sufficerot‚&#39;cum</span> <span class='ocrx_word' id='word_1_113' title='bbox 896 2326 983 2382; x_wconf 84' lang='lat' dir='ltr'>Goth.</span> <span class='ocrx_word' id='word_1_114' title='bbox 999 2329 1116 2388; x_wconf 76' lang='lat' dir='ltr'>Vols-2.</span> 
     </span>
    </p>
   </div>
   <div class='ocr_carea' id='block_1_5' title="bbox 115 2413 1233 2486">
    <p class='ocr_par' dir='ltr' id='par_1_5' title="bbox 115 2413 1233 2486">
     <span class='ocr_line' id='line_1_19' title="bbox 115 2413 1233 2486; baseline -0.004 -16"><span class='ocrx_word' id='word_1_115' title='bbox 115 2430 145 2470; x_wconf 82' lang='lat' dir='ltr'>et</span> <span class='ocrx_word' id='word_1_116' title='bbox 167 2413 228 2473; x_wconf 84' lang='lat' dir='ltr'>edd.</span> <span class='ocrx_word' id='word_1_117' title='bbox 250 2432 311 2468; x_wconf 80' lang='lat' dir='ltr'>ante</span> <span class='ocrx_word' id='word_1_118' title='bbox 333 2417 422 2468; x_wconf 85' lang='lat' dir='ltr'>Stoer.</span> <span class='ocrx_word' id='word_1_119' title='bbox 448 2431 506 2465; x_wconf 87' lang='lat' dir='ltr'>exc.</span> <span class='ocrx_word' id='word_1_120' title='bbox 528 2415 625 2486; x_wconf 84' lang='lat' dir='ltr'>Camp.</span> <span class='ocrx_word' id='word_1_121' title='bbox 646 2415 686 2480; x_wconf 88' lang='lat' dir='ltr'>(li</span> <span class='ocrx_word' id='word_1_122' title='bbox 707 2428 780 2465; x_wconf 89' lang='lat' dir='ltr'>recte</span> <span class='ocrx_word' id='word_1_123' title='bbox 801 2413 894 2480; x_wconf 84' lang='lat' dir='ltr'>tacui)</span> <span class='ocrx_word' id='word_1_124' title='bbox 920 2413 955 2466; x_wconf 84' lang='lat' dir='ltr'>cf.</span> <span class='ocrx_word' id='word_1_125' title='bbox 978 2431 1002 2473; x_wconf 87' lang='lat'>1,</span> <span class='ocrx_word' id='word_1_126' title='bbox 1024 2432 1049 2474; x_wconf 84' lang='lat' dir='ltr'>i,</span> <span class='ocrx_word' id='word_1_127' title='bbox 1069 2430 1116 2467; x_wconf 82' lang='lat'>22.</span> <span class='ocrx_word' id='word_1_128' title='bbox 1228 2470 1233 2485; x_wconf 51' lang='lat'><strong>·</strong></span> 
     </span>
    </p>
   </div>
   <div class='ocr_carea' id='block_1_6' title="bbox 113 2493 1162 2992">
    <p class='ocr_par' dir='ltr' id='par_1_6' title="bbox 113 2493 1162 2992">
     <span class='ocr_line' id='line_1_20' title="bbox 115 2493 1117 2573; baseline -0.005 -18"><span class='ocrx_word' id='word_1_129' title='bbox 115 2499 211 2555; x_wconf 81' lang='lat' dir='ltr'>Turio.</span> <span class='ocrx_word' id='word_1_130' title='bbox 232 2497 261 2567; x_wconf 78' lang='lat' dir='ltr'>(a</span> <span class='ocrx_word' id='word_1_131' title='bbox 276 2500 317 2573; x_wconf 70' lang='lat' dir='ltr'>pr.</span> <span class='ocrx_word' id='word_1_132' title='bbox 334 2502 433 2572; x_wconf 83' lang='lat' dir='ltr'>manu)</span> <span class='ocrx_word' id='word_1_133' title='bbox 452 2493 625 2572; x_wconf 72' lang='lat' dir='ltr'>sufficeretur</span> <span class='ocrx_word' id='word_1_134' title='bbox 638 2510 665 2550; x_wconf 90' lang='lat' dir='ltr'>et</span> <span class='ocrx_word' id='word_1_135' title='bbox 680 2498 715 2549; x_wconf 84' lang='lat' dir='ltr'>sic</span> <span class='ocrx_word' id='word_1_136' title='bbox 731 2495 805 2551; x_wconf 86' lang='lat' dir='ltr'>Alm.</span> <span class='ocrx_word' id='word_1_137' title='bbox 858 2495 894 2553; x_wconf 80' lang='lat' dir='ltr'>cf.</span> <span class='ocrx_word' id='word_1_138' title='bbox 909 2494 938 2555; x_wconf 79' lang='lat'>6,</span> <span class='ocrx_word' id='word_1_139' title='bbox 951 2504 979 2567; x_wconf 83' lang='lat'>4,</span> <span class='ocrx_word' id='word_1_140' title='bbox 996 2510 1032 2549; x_wconf 81' lang='lat'>22</span> <span class='ocrx_word' id='word_1_141' title='bbox 1049 2497 1117 2550; x_wconf 85' lang='lat' dir='ltr'>item</span> 
     </span>
     <span class='ocr_line' id='line_1_21' title="bbox 113 2576 1146 2658; baseline 0.001 -25"><span class='ocrx_word' id='word_1_142' title='bbox 113 2585 252 2658; x_wconf 63' lang='lat' dir='ltr'>plautinus.</span> <span class='ocrx_word' id='word_1_143' title='bbox 393 2650 396 2657; x_wconf 31' lang='grc'>1</span> <span class='ocrx_word' id='word_1_144' title='bbox 461 2586 547 2635; x_wconf 80' lang='lat' dir='ltr'>mirer.</span> <span class='ocrx_word' id='word_1_145' title='bbox 592 2580 688 2633; x_wconf 78' lang='lat' dir='ltr'>Turio.</span> <span class='ocrx_word' id='word_1_146' title='bbox 704 2586 784 2633; x_wconf 83' lang='lat' dir='ltr'>miror</span> <span class='ocrx_word' id='word_1_147' title='bbox 800 2596 863 2632; x_wconf 80' lang='lat' dir='ltr'>cum</span> <span class='ocrx_word' id='word_1_148' title='bbox 876 2576 951 2632; x_wconf 77' lang='lat' dir='ltr'>Alm.</span> <span class='ocrx_word' id='word_1_149' title='bbox 980 2579 1014 2631; x_wconf 79' lang='lat' dir='ltr'>cf.</span> <span class='ocrx_word' id='word_1_150' title='bbox 1031 2580 1117 2635; x_wconf 82' lang='lat' dir='ltr'>modo</span> <span class='ocrx_word' id='word_1_151' title='bbox 1132 2632 1146 2654; x_wconf 49' lang='grc' dir='ltr'><em>Ι</em></span> 
     </span>
     <span class='ocr_line' id='line_1_22' title="bbox 113 2661 1115 2737; baseline -0.003 -18"><span class='ocrx_word' id='word_1_152' title='bbox 113 2669 183 2721; x_wconf 85' lang='lat' dir='ltr'>item</span> <span class='ocrx_word' id='word_1_153' title='bbox 201 2663 288 2729; x_wconf 65' lang='lat' dir='ltr'>liacb.</span> <span class='ocrx_word' id='word_1_154' title='bbox 483 2684 536 2737; x_wconf 81' lang='lat' dir='ltr'>qua</span> <span class='ocrx_word' id='word_1_155' title='bbox 550 2667 636 2716; x_wconf 84' lang='lat' dir='ltr'>matri.</span> <span class='ocrx_word' id='word_1_156' title='bbox 680 2663 725 2717; x_wconf 86' lang='lat' dir='ltr'>Sic</span> <span class='ocrx_word' id='word_1_157' title='bbox 739 2662 835 2715; x_wconf 85' lang='lat' dir='ltr'>Turic.</span> <span class='ocrx_word' id='word_1_158' title='bbox 850 2661 915 2731; x_wconf 81' lang='lat' dir='ltr'>(nisi</span> <span class='ocrx_word' id='word_1_159' title='bbox 928 2661 1004 2734; x_wconf 87' lang='lat' dir='ltr'>quod</span> <span class='ocrx_word' id='word_1_160' title='bbox 1020 2662 1115 2737; x_wconf 80' lang='lat' dir='ltr'>quam)</span> 
     </span>
     <span class='ocr_line' id='line_1_23' title="bbox 115 2744 1116 2821; baseline 0.001 -20"><span class='ocrx_word' id='word_1_161' title='bbox 115 2753 292 2821; x_wconf 76' lang='lat' dir='ltr'>campumt</span> <span class='ocrx_word' id='word_1_162' title='bbox 309 2745 382 2800; x_wconf 82' lang='lat' dir='ltr'>Alm.</span> <span class='ocrx_word' id='word_1_163' title='bbox 399 2744 486 2800; x_wconf 80' lang='lat' dir='ltr'>Andr.</span> <span class='ocrx_word' id='word_1_164' title='bbox 503 2760 530 2800; x_wconf 85' lang='lat' dir='ltr'>et</span> <span class='ocrx_word' id='word_1_165' title='bbox 546 2745 606 2800; x_wconf 87' lang='lat' dir='ltr'>edd.</span> <span class='ocrx_word' id='word_1_166' title='bbox 621 2760 686 2798; x_wconf 83' lang='lat' dir='ltr'>ante</span> <span class='ocrx_word' id='word_1_167' title='bbox 700 2749 789 2804; x_wconf 87' lang='lat' dir='ltr'>Stoer.</span> <span class='ocrx_word' id='word_1_168' title='bbox 813 2763 873 2802; x_wconf 87' lang='lat' dir='ltr'>exc.</span> <span class='ocrx_word' id='word_1_169' title='bbox 892 2746 965 2804; x_wconf 83' lang='lat' dir='ltr'>Jent.</span> <span class='ocrx_word' id='word_1_170' title='bbox 987 2764 1044 2817; x_wconf 89' lang='lat' dir='ltr'>quo</span> <span class='ocrx_word' id='word_1_171' title='bbox 1060 2765 1116 2802; x_wconf 83' lang='lat' dir='ltr'>aec.</span> 
     </span>
     <span class='ocr_line' id='line_1_24' title="bbox 114 2827 1162 2907; baseline -0.001 -21"><span class='ocrx_word' id='word_1_172' title='bbox 114 2834 185 2891; x_wconf 73' lang='lat' dir='ltr'>Oba.</span> <span class='ocrx_word' id='word_1_173' title='bbox 231 2829 343 2905; x_wconf 85' lang='lat' dir='ltr'>Reliqui</span> <span class='ocrx_word' id='word_1_174' title='bbox 365 2850 441 2907; x_wconf 77' lang='lat' dir='ltr'>quae.</span> <span class='ocrx_word' id='word_1_175' title='bbox 485 2827 621 2906; x_wconf 70' lang='lat' dir='ltr'>Displicet</span> <span class='ocrx_word' id='word_1_176' title='bbox 655 2830 687 2882; x_wconf 87' lang='lat' dir='ltr'>iu</span> <span class='ocrx_word' id='word_1_177' title='bbox 716 2828 768 2883; x_wconf 86' lang='lat' dir='ltr'>hac</span> <span class='ocrx_word' id='word_1_178' title='bbox 797 2830 905 2883; x_wconf 83' lang='lat' dir='ltr'>ratione</span> <span class='ocrx_word' id='word_1_179' title='bbox 934 2830 1116 2904; x_wconf 80' lang='lat' dir='ltr'>praeteritum</span> <span class='ocrx_word' id='word_1_180' title='bbox 1157 2890 1162 2903; x_wconf 65' lang='lat'>,</span> 
     </span>
     <span class='ocr_line' id='line_1_25' title="bbox 114 2915 237 2992; baseline -0.041 -18"><span class='ocrx_word' id='word_1_181' title='bbox 114 2915 237 2992; x_wconf 74' lang='lat' dir='ltr'>abstulit.</span> 
     </span>
    </p>
   </div>
   <div class='ocr_carea' id='block_1_7' title="bbox 112 3107 1211 4115">
    <p class='ocr_par' dir='ltr' id='par_1_7' title="bbox 113 3107 1211 3272">
     <span class='ocr_line' id='line_1_26' title="bbox 113 3107 1211 3188; baseline -0.002 -17"><span class='ocrx_word' id='word_1_182' title='bbox 113 3113 215 3173; x_wconf 57' lang='grc' dir='ltr'>ι[ὄντων</span> <span class='ocrx_word' id='word_1_183' title='bbox 242 3107 324 3177; x_wconf 66' lang='grc' dir='ltr'><strong><em>οὓτως</em></strong></span> <span class='ocrx_word' id='word_1_184' title='bbox 344 3107 435 3187; x_wconf 61' lang='grc' dir='ltr'>εἶχεν»</span> <span class='ocrx_word' id='word_1_185' title='bbox 482 3110 537 3168; x_wconf 73' lang='grc' dir='ltr'>οὐδ’</span> <span class='ocrx_word' id='word_1_186' title='bbox 561 3107 593 3167; x_wconf 69' lang='grc' dir='ltr'>ἓν</span> <span class='ocrx_word' id='word_1_187' title='bbox 635 3112 702 3167; x_wconf 86' lang='lat' dir='ltr'>haec</span> <span class='ocrx_word' id='word_1_188' title='bbox 721 3111 915 3168; x_wconf 70' lang='lat' dir='ltr'>Demosthenis</span> <span class='ocrx_word' id='word_1_189' title='bbox 936 3112 1061 3188; x_wconf 80' lang='lat' dir='ltr'>exempla</span> <span class='ocrx_word' id='word_1_190' title='bbox 1082 3112 1118 3169; x_wconf 74' lang='lat' dir='ltr'>acl</span> <span class='ocrx_word' id='word_1_191' title='bbox 1206 3126 1211 3135; x_wconf 90' lang='lat'>&#39;</span> 
     </span>
     <span class='ocr_line' id='line_1_27' title="bbox 115 3194 1117 3272; baseline 0 -19"><span class='ocrx_word' id='word_1_192' title='bbox 115 3202 190 3263; x_wconf 72' lang='grc' dir='ltr'><strong>ἐλπὶς</strong></span> <span class='ocrx_word' id='word_1_193' title='bbox 213 3194 241 3265; x_wconf 69' lang='grc' dir='ltr'>ἦν</span> <span class='ocrx_word' id='word_1_194' title='bbox 258 3196 324 3253; x_wconf 65' lang='lat' dir='ltr'>aiei</span> <span class='ocrx_word' id='word_1_195' title='bbox 340 3194 437 3263; x_wconf 77' lang='grc' dir='ltr'>βιλτῖω</span> <span class='ocrx_word' id='word_1_196' title='bbox 456 3197 593 3271; x_wconf 66' lang='grc' dir='ltr'><strong><em>γενέσθαι.</em></strong></span> <span class='ocrx_word' id='word_1_197' title='bbox 635 3212 726 3272; x_wconf 78' lang='lat' dir='ltr'>partes</span> <span class='ocrx_word' id='word_1_198' title='bbox 748 3198 856 3252; x_wconf 64' lang='lat' dir='ltr'>vomuit</span> <span class='ocrx_word' id='word_1_199' title='bbox 879 3201 948 3271; x_wconf 77' lang='lat' dir='ltr'>Qu,</span> <span class='ocrx_word' id='word_1_200' title='bbox 987 3199 1117 3253; x_wconf 82' lang='lat' dir='ltr'>olleulaut</span> 
     </span>
    </p>

    <p class='ocr_par' dir='ltr' id='par_1_8' title="bbox 112 3281 1203 4115">
     <span class='ocr_line' id='line_1_28' title="bbox 159 3281 1117 3353; baseline 0 -17"><span class='ocrx_word' id='word_1_201' title='bbox 159 3294 188 3353; x_wconf 79' lang='grc'>8.</span> <span class='ocrx_word' id='word_1_202' title='bbox 210 3284 292 3338; x_wconf 75' lang='lat' dir='ltr'>Idam.</span> <span class='ocrx_word' id='word_1_203' title='bbox 321 3283 375 3336; x_wconf 87' lang='lat' dir='ltr'>Hic</span> <span class='ocrx_word' id='word_1_204' title='bbox 389 3281 594 3335; x_wconf 80' lang='lat' dir='ltr'>Pliilaurlerab·</span> <span class='ocrx_word' id='word_1_205' title='bbox 635 3301 700 3335; x_wconf 86' lang='lat' dir='ltr'>eum</span> <span class='ocrx_word' id='word_1_206' title='bbox 722 3283 845 3336; x_wconf 78' lang='lat' dir='ltr'>veritum</span> <span class='ocrx_word' id='word_1_207' title='bbox 866 3281 968 3336; x_wconf 75' lang='lat' dir='ltr'>diceus.</span> <span class='ocrx_word' id='word_1_208' title='bbox 1010 3283 1117 3336; x_wconf 83' lang='lat' dir='ltr'>Dento-</span> 
     </span>
     <span class='ocr_line' id='line_1_29' title="bbox 113 3364 1115 3445; baseline -0.003 -21"><span class='ocrx_word' id='word_1_209' title='bbox 113 3368 188 3445; x_wconf 73' lang='lat' dir='ltr'>legat</span> <span class='ocrx_word' id='word_1_210' title='bbox 210 3367 244 3420; x_wconf 83' lang='lat' dir='ltr'>ed</span> <span class='ocrx_word' id='word_1_211' title='bbox 264 3366 386 3439; x_wconf 62' lang='lat' dir='ltr'>,Olyntlu</span> <span class='ocrx_word' id='word_1_212' title='bbox 410 3380 472 3420; x_wconf 88' lang='lat' dir='ltr'>tert.</span> <span class='ocrx_word' id='word_1_213' title='bbox 489 3365 539 3420; x_wconf 88' lang='lat' dir='ltr'>ubi</span> <span class='ocrx_word' id='word_1_214' title='bbox 556 3380 594 3419; x_wconf 81' lang='lat' dir='ltr'>te-</span> <span class='ocrx_word' id='word_1_215' title='bbox 635 3365 741 3420; x_wconf 72' lang='lat' dir='ltr'>sthenes</span> <span class='ocrx_word' id='word_1_216' title='bbox 755 3364 868 3439; x_wconf 82' lang='lat' dir='ltr'>quidem</span> <span class='ocrx_word' id='word_1_217' title='bbox 888 3365 955 3419; x_wconf 83' lang='lat' dir='ltr'>adeo</span> <span class='ocrx_word' id='word_1_218' title='bbox 976 3366 1115 3421; x_wconf 69' lang='lat' dir='ltr'>animosus</span> 
     </span>
     <span class='ocr_line' id='line_1_30' title="bbox 113 3437 1115 3528; baseline -0.001 -22"><span class='ocrx_word' id='word_1_219' title='bbox 113 3437 180 3507; x_wconf 68' lang='lat' dir='ltr'>rnen</span> <span class='ocrx_word' id='word_1_220' title='bbox 206 3452 256 3525; x_wconf 88' lang='lat' dir='ltr'>(p.</span> <span class='ocrx_word' id='word_1_221' title='bbox 273 3453 396 3524; x_wconf 55' lang='lat' dir='ltr'>34scq1)</span> <span class='ocrx_word' id='word_1_222' title='bbox 419 3451 593 3525; x_wconf 80' lang='lat' dir='ltr'>superiorum</span> <span class='ocrx_word' id='word_1_223' title='bbox 635 3450 706 3503; x_wconf 85' lang='lat' dir='ltr'>estet</span> <span class='ocrx_word' id='word_1_224' title='bbox 715 3449 785 3504; x_wconf 88' lang='lat' dir='ltr'>liber</span> <span class='ocrx_word' id='word_1_225' title='bbox 793 3450 823 3503; x_wconf 87' lang='lat' dir='ltr'>in</span> <span class='ocrx_word' id='word_1_226' title='bbox 833 3450 996 3528; x_wconf 77' lang='lat' dir='ltr'>exagitanda</span> <span class='ocrx_word' id='word_1_227' title='bbox 1005 3450 1115 3505; x_wconf 80' lang='lat' dir='ltr'>civium</span> 
     </span>
     <span class='ocr_line' id='line_1_31' title="bbox 113 3532 1188 3610; baseline -0.003 -19"><span class='ocrx_word' id='word_1_228' title='bbox 113 3553 274 3610; x_wconf 88' lang='lat' dir='ltr'>temporum</span> <span class='ocrx_word' id='word_1_229' title='bbox 314 3551 435 3588; x_wconf 78' lang='lat' dir='ltr'>oratores</span> <span class='ocrx_word' id='word_1_230' title='bbox 472 3535 595 3588; x_wconf 79' lang='lat' dir='ltr'>maxime</span> <span class='ocrx_word' id='word_1_231' title='bbox 636 3533 775 3594; x_wconf 76' lang='lat' dir='ltr'>socordia,</span> <span class='ocrx_word' id='word_1_232' title='bbox 812 3549 844 3588; x_wconf 87' lang='lat' dir='ltr'>ut</span> <span class='ocrx_word' id='word_1_233' title='bbox 864 3535 917 3587; x_wconf 87' lang='lat' dir='ltr'>vix</span> <span class='ocrx_word' id='word_1_234' title='bbox 941 3532 1031 3587; x_wconf 86' lang='lat' dir='ltr'>ullum</span> <span class='ocrx_word' id='word_1_235' title='bbox 1053 3535 1116 3604; x_wconf 84' lang='lat' dir='ltr'>cjut</span> <span class='ocrx_word' id='word_1_236' title='bbox 1185 3544 1188 3549; x_wconf 89' lang='lat'>&#39;</span> 
     </span>
     <span class='ocr_line' id='line_1_32' title="bbox 112 3616 1116 3690; baseline -0.005 -14"><span class='ocrx_word' id='word_1_237' title='bbox 112 3620 209 3676; x_wconf 79' lang='lat' dir='ltr'>laudat</span> <span class='ocrx_word' id='word_1_238' title='bbox 237 3619 450 3678; x_wconf 79' lang='lat' dir='ltr'>Demosthenes,</span> <span class='ocrx_word' id='word_1_239' title='bbox 484 3619 534 3690; x_wconf 90' lang='lat' dir='ltr'>qui</span> <span class='ocrx_word' id='word_1_240' title='bbox 564 3620 594 3673; x_wconf 90' lang='lat' dir='ltr'>in</span> <span class='ocrx_word' id='word_1_241' title='bbox 633 3616 729 3672; x_wconf 88' lang='lat' dir='ltr'>locum</span> <span class='ocrx_word' id='word_1_242' title='bbox 759 3617 864 3671; x_wconf 81' lang='lat' dir='ltr'>ostendi</span> <span class='ocrx_word' id='word_1_243' title='bbox 893 3617 968 3690; x_wconf 82' lang='lat' dir='ltr'>polle</span> <span class='ocrx_word' id='word_1_244' title='bbox 996 3618 1116 3679; x_wconf 84' lang='lat' dir='ltr'>credam,</span> 
     </span>
     <span class='ocr_line' id='line_1_33' title="bbox 114 3700 1115 3775; baseline -0.002 -17"><span class='ocrx_word' id='word_1_245' title='bbox 114 3704 297 3759; x_wconf 82' lang='lat' dir='ltr'>concionibus</span> <span class='ocrx_word' id='word_1_246' title='bbox 318 3703 390 3755; x_wconf 70' lang='lat' dir='ltr'>nillil</span> <span class='ocrx_word' id='word_1_247' title='bbox 412 3703 535 3755; x_wconf 84' lang='lat' dir='ltr'>dixerint</span> <span class='ocrx_word' id='word_1_248' title='bbox 560 3702 594 3756; x_wconf 76' lang='lat' dir='ltr'>ael</span> <span class='ocrx_word' id='word_1_249' title='bbox 634 3703 684 3757; x_wconf 87' lang='lat' dir='ltr'>ubi</span> <span class='ocrx_word' id='word_1_250' title='bbox 699 3702 838 3755; x_wconf 72' lang='lat' dir='ltr'>manifeste</span> <span class='ocrx_word' id='word_1_251' title='bbox 853 3704 884 3756; x_wconf 85' lang='lat' dir='ltr'>sit</span> <span class='ocrx_word' id='word_1_252' title='bbox 900 3700 978 3761; x_wconf 70' lang='lat' dir='ltr'>talin,</span> <span class='ocrx_word' id='word_1_253' title='bbox 1004 3700 1115 3775; x_wconf 79' lang='lat' dir='ltr'>qualem</span> 
     </span>
     <span class='ocr_line' id='line_1_34' title="bbox 112 3785 1117 3861; baseline -0.003 -19"><span class='ocrx_word' id='word_1_254' title='bbox 112 3788 313 3844; x_wconf 83' lang='lat' dir='ltr'>demerendum</span> <span class='ocrx_word' id='word_1_255' title='bbox 330 3786 476 3861; x_wconf 87' lang='lat' dir='ltr'>populum,</span> <span class='ocrx_word' id='word_1_256' title='bbox 499 3788 592 3840; x_wconf 79' lang='lat' dir='ltr'>omnir</span> <span class='ocrx_word' id='word_1_257' title='bbox 634 3785 728 3855; x_wconf 83' lang='lat' dir='ltr'>laudat</span> <span class='ocrx_word' id='word_1_258' title='bbox 752 3785 857 3847; x_wconf 84' lang='lat' dir='ltr'>noller,</span> <span class='ocrx_word' id='word_1_259' title='bbox 885 3787 976 3839; x_wconf 74' lang='lat' dir='ltr'>caterio</span> <span class='ocrx_word' id='word_1_260' title='bbox 1000 3802 1027 3839; x_wconf 87' lang='lat' dir='ltr'>et</span> <span class='ocrx_word' id='word_1_261' title='bbox 1050 3806 1117 3860; x_wconf 87' lang='lat' dir='ltr'>pru·</span> 
     </span>
     <span class='ocr_line' id='line_1_35' title="bbox 112 3868 1118 3945; baseline -0.001 -19"><span class='ocrx_word' id='word_1_262' title='bbox 112 3871 285 3945; x_wconf 83' lang='lat' dir='ltr'>reipublicae</span> <span class='ocrx_word' id='word_1_263' title='bbox 314 3874 406 3931; x_wconf 79' lang='lat' dir='ltr'>causa,</span> <span class='ocrx_word' id='word_1_264' title='bbox 456 3890 507 3925; x_wconf 90' lang='lat' dir='ltr'>nec</span> <span class='ocrx_word' id='word_1_265' title='bbox 535 3873 593 3925; x_wconf 79' lang='lat' dir='ltr'>suet</span> <span class='ocrx_word' id='word_1_266' title='bbox 633 3870 736 3924; x_wconf 81' lang='lat' dir='ltr'>(lentie.</span> <span class='ocrx_word' id='word_1_267' title='bbox 780 3868 1037 3925; x_wconf 82' lang='lat' dir='ltr'>Pleuillimaecuim</span> <span class='ocrx_word' id='word_1_268' title='bbox 1054 3872 1118 3925; x_wconf 77' lang='lat' dir='ltr'>[rint</span> 
     </span>
     <span class='ocr_line' id='line_1_36' title="bbox 113 3953 1119 4029; baseline -0.002 -19"><span class='ocrx_word' id='word_1_269' title='bbox 113 3956 249 4010; x_wconf 77' lang='lat' dir='ltr'>utilitates</span> <span class='ocrx_word' id='word_1_270' title='bbox 265 3956 445 4029; x_wconf 72' lang='lat' dir='ltr'>spectaverint</span> <span class='ocrx_word' id='word_1_271' title='bbox 460 3955 504 4010; x_wconf 82' lang='lat' dir='ltr'>sed</span> <span class='ocrx_word' id='word_1_272' title='bbox 520 3975 593 4029; x_wconf 74' lang='lat' dir='ltr'>cum·</span> <span class='ocrx_word' id='word_1_273' title='bbox 633 3953 803 4029; x_wconf 74' lang='lat' dir='ltr'>Philippicae</span> <span class='ocrx_word' id='word_1_274' title='bbox 825 3953 888 4007; x_wconf 78' lang='lat' dir='ltr'>illae</span> <span class='ocrx_word' id='word_1_275' title='bbox 910 3955 1004 4008; x_wconf 85' lang='lat' dir='ltr'>decem</span> <span class='ocrx_word' id='word_1_276' title='bbox 1019 3953 1119 4009; x_wconf 79' lang='lat' dir='ltr'>acerri-</span> 
     </span>
     <span class='ocr_line' id='line_1_37' title="bbox 112 4038 1203 4115; baseline -0.004 -19"><span class='ocrx_word' id='word_1_277' title='bbox 112 4059 223 4096; x_wconf 78' lang='lat' dir='ltr'>munee.</span> <span class='ocrx_word' id='word_1_278' title='bbox 249 4043 354 4099; x_wconf 77' lang='lat' dir='ltr'>Vereor</span> <span class='ocrx_word' id='word_1_279' title='bbox 370 4041 453 4095; x_wconf 83' lang='lat' dir='ltr'>etiam</span> <span class='ocrx_word' id='word_1_280' title='bbox 471 4055 593 4095; x_wconf 83' lang='lat' dir='ltr'>utrecte</span> <span class='ocrx_word' id='word_1_281' title='bbox 632 4059 744 4095; x_wconf 84' lang='lat' dir='ltr'>merum</span> <span class='ocrx_word' id='word_1_282' title='bbox 792 4039 930 4115; x_wconf 72' lang='lat' dir='ltr'>torporis.</span> <span class='ocrx_word' id='word_1_283' title='bbox 982 4038 1118 4101; x_wconf 72' lang='lat' dir='ltr'>levitatie,</span> <span class='ocrx_word' id='word_1_284' title='bbox 1197 4066 1203 4083; x_wconf 89' lang='lat'><strong>·</strong></span> 
     </span>
    </p>
   </div>
   <div class='ocr_carea' id='block_1_8' title="bbox 162 4145 745 4203">
    <p class='ocr_par' dir='ltr' id='par_1_9' title="bbox 162 4145 745 4203">
     <span class='ocr_line' id='line_1_38' title="bbox 162 4145 745 4203; baseline -0.007 0"><span class='ocrx_word' id='word_1_285' title='bbox 162 4146 240 4203; x_wconf 80' lang='lat' dir='ltr'>Tem.</span> <span class='ocrx_word' id='word_1_286' title='bbox 257 4147 294 4199; x_wconf 88' lang='lat'>11.</span> <span class='ocrx_word' id='word_1_287' title='bbox 610 4162 614 4173; x_wconf 90' lang='grc'><strong>“</strong></span> <span class='ocrx_word' id='word_1_288' title='bbox 694 4145 720 4201; x_wconf 83' lang='lat' dir='ltr'>T</span> <span class='ocrx_word' id='word_1_289' title='bbox 734 4158 745 4199; x_wconf 86' lang='lat' dir='ltr'>t</span> 
     </span>
    </p>
   </div>
   <div class='ocr_carea' id='block_1_9' title="bbox 0 0 1280 4718">
    <p class='ocr_par' dir='ltr' id='par_1_10' title="bbox 0 0 1280 4718">
     <span class='ocr_line' id='line_1_39' title="bbox 0 0 1280 4718; baseline 0 1"><span class='ocrx_word' id='word_1_290' title='bbox 0 0 1280 4718; x_wconf 95' lang='lat' dir='ltr'> </span> 
     </span>
    </p>
   </div>
  </div>
 </body>
</html>
