2550 4718
232 263 302 346 ὅσα
393 238 399 245 ’
469 263 528 333 Μ.
547 204 649 333 rau
675 260 991 356 pumturum
1114 238 1119 245 '

230 455 302 538 At,
338 448 368 527 li
390 449 544 551 lingula
559 474 747 552 quaeque
770 445 1021 538 dillolveris,
1057 458 1140 545 jam
1165 453 1228 529 illa

229 563 413 655 flamma,
461 591 562 665 quae
584 591 725 666 magna
752 567 938 683 congerie
963 556 1227 655 convaluerat,

231 680 428 771 diductis,
469 682 618 780 quibus
641 680 836 770 alebatur,
872 680 1079 783 concidet:
1109 681 1230 772 ut,t1

231 798 299 871 vel
333 798 502 871 maxima
538 794 706 872 flumina
740 796 785 870 iu
821 797 931 871 rivos
976 794 1229 888 diducuntur,

231 913 408 1013 qualibet
428 910 635 988 transitum
655 911 856 1013 praebent.
923 913 1063 1010 ltaque
1085 938 1232 1014 propo·

231 1027 320 1103 sitio
381 1050 546 1127 quoque
598 1024 818 1102 secundum
866 1025 986 1099 hanc·
1018 1029 1230 1103 utilitatem

229 1139 612 1231 accommodabitur,
660 1158 708 1216 ut
740 1166 849 1217 nunc
873 1137 1027 1240 singula
1052 1141 1229 1219 ostenda·

185 1268 341 1346 ²lmus,
393 1282 505 1334 nunc
526 1258 836 1356 complectamur
859 1254 1056 1333 universa.
1125 1260 1230 1335 Nem

203 1374 392 1461 ,interim
430 1372 544 1472 quod
569 1373 756 1473 pluribus
782 1372 943 1472 collegit
971 1371 1228 1463 adversarius,

228 1485 319 1565 setis
339 1484 530 1563 eft-semet
544 1512 791 1588 proponere:
820 1503 884 1576 ut,
918 1486 947 1561 fi
971 1489 1119 1565 multae
1141 1514 1228 1565 ceu·

228 1599 286 1678 sas
311 1601 503 1691 faciendi,
539 1602 651 1702 quod
673 1605 819 1704 arguit,
856 1628 925 1680 reo
946 1600 1053 1677 dicet
1079 1600 1229 1681 accusa·

227 1731 295 1796 tor
317 1714 452 1793 inille:
478 1743 572 1807 uos,
599 1744 684 1795 nou
705 1718 944 1794 enumeratis
963 1714 1228 1818 lingulis,·ie-

227 1834 310 1907 mel
345 1832 425 1908 hoc
461 1834 704 1909 intuendum
738 1846 948 1933 negemus,
1000 1836 1099 1932 quia
1134 1860 1227 1923 non,

229 1950 411 2048 quisquis
434 1946 588 2025 utinam
608 1946 784 2025 faciendi
807 1947 961 2024 sceleris
989 1947 1153 2038 habuit,
1189 1963 1228 2024 et

183 2062 379 2140 asfecerit.
438 2067 599 2166 Saepius
619 2080 751 2140 tamen
773 2060 989 2140 accrasatori
1015 2088 1227 2167 congerere

290 2316 328 2367 At
339 2311 368 2388 fi
377 2309 453 2389 fing.
496 2315 590 2369 Turie.
610 2332 642 2371 ut
656 2312 731 2391 acis.
774 2313 850 2370 alm.
872 2330 902 2369 ut
921 2329 952 2368 ut
967 2310 1000 2388 si
1015 2312 1045 2390 s.
1066 2312 1117 2385 (d.
1130 2311 1225 2375 motio.

170 2432 172 2436 ν
226 2396 327 2466 iteml
344 2400 406 2470 14.)
428 2396 515 2453 (ioth.
537 2414 564 2452 et
587 2396 666 2474 (non
688 2414 735 2461 ut,
760 2414 794 2454 ut
811 2400 905 2467 Gelu.)
922 2396 952 2472 fi
966 2395 993 2472 s.
1019 2418 1085 2453 carm
1105 2396 1226 2459 volta.

226 2484 266 2537 At
282 2479 308 2557 s.
329 2480 423 2538 Gueli.
448 2501 511 2538 cum
533 2483 608 2538 votr.
628 2504 653 2538 ι.
670 2497 697 2551 3.
741 2486 820 2538 Hanc
845 2503 898 2562 ego
920 2502 1016 2537 veram
1030 2496 1103 2558 puto
1114 2481 1226 2558 scriptu

225 2586 303 2629 rant,
339 2582 372 2623 ut
399 2567 435 2622 est
467 2567 541 2642 opud
560 2566 723 2626 Juvenalem
749 2581 776 2635 3,
800 2579 848 2638 73.
872 2569 926 2628 „in
950 2564 1079 2630 coelunt,
1111 2567 1226 2647 jaffari,

225 2652 331 2714 „ibim
344 2667 374 2707 et
387 2654 464 2728 saepe
476 2652 508 2706 in
524 2650 655 2708 calidiore
671 2653 805 2708 oratione.
828 2653 863 2707 cl.
878 2653 894 2721 i
909 2666 937 2719 5.
1057 2703 1060 2707 .

289 2790 361 2825 conr.
382 2784 421 2823 ut.
464 2769 559 2825 Turio.
580 2792 602 2824 e.
625 2773 775 2824 continetur
796 2791 822 2821 u.
845 2788 860 2820 a
883 2769 931 2822 lec.
951 2789 975 2822 e.
989 2783 1016 2823 et
1031 2754 1223 2825 continetur·-

225 2874 291 2908 cnm
306 2853 381 2908 tim.
397 2852 480 2908 nott
495 2877 518 2907 a.
533 2868 560 2908 et
572 2868 721 2908 conteretur
735 2867 763 2906 et
777 2854 874 2926 Camp.
889 2871 953 2904 cnm
971 2850 1060 2907 Andr.
1096 2856 1152 2907 Pro
1166 2873 1225 2907 conv

225 2939 309 2997 ridet,
345 2937 462 3011 opinor,
495 2941 593 2995 Burm.
625 2935 705 2991 malit
730 2934 857 3011 confidet.
907 2935 1055 3013 Eleganter
1084 2937 1223 3011 prolecto.

225 3024 261 3077 ci.
275 3022 303 3082 6,
320 3038 348 3083 2,
362 3037 411 3089 51.
578 3020 746 3076 diducuntur.
789 3021 883 3076 Turio.
899 3021 992 3074 Gueli.
1008 3020 1148 3074 omittunt
1160 3038 1221 3074 cnm

224 3106 518 3173 Aln1.Voffi3.,tine
535 3106 620 3159 sensu.
787 3120 816 3157 ut
830 3125 908 3159 nunc.
950 3105 995 3158 sic
1011 3105 1109 3159 Tutic.
1125 3108 1222 3179 Camp.

224 3211 289 3246 cnm
310 3189 385 3246 illm.
409 3212 441 3243 ee
463 3210 522 3244 cum
540 3189 614 3244 von.
640 3210 664 3242 a.
715 3186 833 3261 Reliqui
853 3210 881 3243 u.
902 3209 934 3243 ea
955 3209 983 3243 n.
1036 3192 1151 3244 Poterat
1173 3190 1222 3244 elle

222 3278 316 3333 [extus
331 3276 420 3339 calon
442 3274 484 3329 led
499 3272 573 3327 nihil
585 3272 690 3327 necell'e
703 3271 775 3328 addi.

269 3401 315 3464 ¹4·
340 3389 409 3466 suris
431 3387 478 3465 ost.
518 3389 613 3443 Turio.
636 3384 731 3442 Gneli.
754 3387 849 3461 Camp.
865 3387 923 3464 sut.
948 3410 971 3444 e.
1014 3388 1089 3444 Atm.
1109 3388 1181 3464 sotir
1201 3411 1223 3444 e.

221 3477 288 3532 dare
302 3491 446 3535 narretur,
467 3492 517 3548 per
534 3472 653 3548 sphalma
667 3476 764 3529 Burm.
780 3474 915 3548 profecto.
947 3474 981 3527 cf.
997 3483 1025 3545 4.
1045 3490 1071 3534 2,
1088 3486 1139 3545 45.
1156 3492 1224 3527 mox

222 3579 313 3616 tamen
333 3577 429 3614 omnes
439 3556 517 3633 satir.
684 3578 729 3613 reo
745 3556 796 3611 dic.
821 3560 916 3612 Turio.
931 3580 1004 3615 reum
1019 3558 1046 3611 d.
1065 3576 1130 3613 rum
1148 3558 1222 3613 Alm.

222 3646 257 3700 ci.
274 3648 289 3713 i
309 3659 354 3709 ιζ».
370 3646 437 3698 item
451 3661 528 3697 mox.
759 3647 925 3698 enumeratis.
968 3642 1065 3698 Turio.
1079 3646 1223 3699 numeratis

222 3748 285 3786 cum
302 3729 377 3786 Alm.
421 3728 456 3782 cl.
472 3725 558 3782 modo
572 3725 641 3780 item
657 3726 673 3794 l
692 3724 738 3781 16.

268 3973 314 4027 15.
337 3959 376 4015 At
391 3957 419 4037 fi
437 3957 558 4035 singula.
591 3958 626 4013 cl.
642 3973 702 4013 not.
746 3973 808 4013 cent
830 3956 981 4033 implicitae
1002 3958 1050 4013 fibi
1068 3958 1224 4013 similitudi·

221 4045 284 4102 crit.
401 4118 405 4125 .
744 4062 800 4105 nea,
820 4041 941 4121 lingulae
956 4044 1071 4118 quidem
1088 4044 1221 4125 egregiae.

257 4129 371 4205 flumana
386 4156 426 4173 -
437 4127 563 4203 flumina.
598 4126 701 4205 Dilpli·
743 4128 778 4185 el.
794 4143 822 4193 a,
836 4138 865 4202 4,
880 4142 909 4196 7.
