2550 4718
427 1007 827 1148 norron

247 1242 974 1321 ..LEcTunlss.

127 1512 345 1637 Beneficio
375 1560 623 1638 celeberrimi
652 1567 803 1667 Heynii
830 1569 999 1668 contigit
1023 1568 1127 1643 mihi

110 1676 349 1796 §turpanda
390 1699 574 1799 princeps
609 1699 733 1777 editio
766 1701 966 1802 l'oriptoris
994 1705 1075 1778 mei
1106 1726 1128 1775 a

131 1832 324 1930 Campano
338 1848 476 1907 curata
496 1834 612 1934 (anni
634 1831 758 1934 1470)
781 1836 831 1911 de
847 1843 959 1930 cujus
976 1836 1127 1913 defide-

142 1966 201 2039 rio
220 1991 325 2042 vanas
338 1968 408 2067 egi
426 1968 645 2069 tragoedias
668 1971 712 2043 in
739 1973 883 2070 prioris
905 1973 1127 2048 voluminis

132 2098 377 2199 praefatione.
445 2098 625 2179 Debebat
650 2102 797 2206 sperari
825 2107 948 2196 liber,
986 2107 1059 2181 ubi
1087 2122 1128 2183 et

130 2253 303 2336 repertus
318 2236 395 2326 est,
433 2240 478 2313 in
497 2237 701 2315 beatiffima
719 2243 909 2341 Georgioe
926 2238 1125 2341 Augustae

131 2374 247 2471 eopia.
305 2370 510 2449 Contendi
533 2399 649 2463 eum,
696 2402 817 2475 quam
840 2376 1005 2475 quidem
1032 2374 1126 2451 dili·

130 2505 335 2603 genriffime
361 2509 501 2609 potui,
548 2511 642 2593 curn
670 2509 848 2586 editione
877 2507 1125 2599 Gesneriana,
1156 2498 1163 2509 ⁸

130 2667 197 2714 nec
224 2668 368 2719 vereor
386 2668 439 2719 ne
465 2668 606 2744 parum
630 2643 882 2745 frequentem
906 2650 991 2740 ejus
1012 2652 1125 2720 men&

132 2778 275 2853 tionem
296 2775 427 2853 fecille
452 2777 608 2853 censear
631 2781 675 2853 in
698 2782 817 2865 notis.
893 2784 1003 2885 Quae
1029 2776 1123 2853 inde

132 2910 313 3009 praefidia
331 2914 415 3015 peti
437 2909 594 3013 poliunt
615 2915 820 3014 prioribus
834 2915 946 2989 libris
965 2911 1124 2989 Institu-

131 3049 302 3135 tionum,
332 3073 377 3122 ea
392 3051 437 3123 in
454 3046 534 3125 fine
550 3051 673 3127 totius
691 3051 823 3149 operis
839 3050 1009 3123 maxima
1031 3032 1124 3122 cum

135 3177 202 3255 fide
218 3183 529 3261 exhibebuntur.

235 3318 464 3393 loannensrs
478 3306 657 3395 'Codicis
683 3320 915 3394 interiorem
939 3319 1124 3395 notitiam
1182 3332 1187 3343 ’

130 3454 352 3529 conciliavit
370 3454 472 3527 milri
488 3455 551 3528 vir
565 3456 735 3546 juvenis,
759 3455 956 3553 eleganter
971 3453 1124 3541 doctus,

128 3590 318 3688 Georgius
356 3587 561 3676 Bullerus,
610 3589 884 3664 Universnrtis
919 3589 1124 3666 Cantabri·

129 3722 259 3820 gienfis
287 3725 483 3797 alumnus
506 3737 544 3795 et
563 3720 715 3798 sodalis.
771 3726 1001 3825 Impetravit
1021 3722 1125 3798 milri
1207 3708 1211 3717 ¹

131 3858 157 3929 is
170 3884 283 3933 nunu
301 3853 517 3931 docriffimi
530 3855 695 3933 Porsoni
710 3858 962 3959 perscriptum
977 3858 1126 3934 codicis

126 3987 233 4077 liuius
251 3989 522 4069 collationem
538 3994 582 4066 in
595 3994 645 4069 iis
661 3993 826 4092 quidem
843 3995 960 4083 locis,
989 4018 1088 4094 quae
1104 4017 1126 4064 a

123 4125 281 4203 Gillouo
313 4117 579 4216 negligenter
601 4124 721 4208 ellent
745 4144 913 4203 tractata.
971 4126 1128 4205 Eodem
