2550 4718
302 319 425 388 msc.
452 270 661 397 ouurou
687 322 777 391 mn.
795 320 876 421 v1,·
895 342 926 394 ι.
1040 334 1064 412 r
1093 385 1100 407 ι

109 503 319 609 possumus
349 508 458 582 vela:
511 522 567 598 et,
618 533 710 583 cum
743 508 790 582 fit
823 511 993 585 maxima
1027 536 1114 611 pars

110 624 265 724 epilogi
289 620 565 722 amplificatio,
613 625 745 700 verbis
766 639 882 723 atque
912 625 1113 703 sententiis

107 741 174 814 uti
194 739 288 811 licet
307 734 525 837 magnificis
552 754 669 838 atque
691 742 848 814 ornatis.
919 746 1034 815 Tunc
1058 740 1114 816 est

110 853 453 931 commovendum
479 854 700 942 theatrum,
748 879 842 928 cum
866 871 1034 930 ventum
1058 855 1113 930 est

110 968 163 1043 ad
209 966 341 1067 ipsum
375 967 507 1056 illud,
566 995 649 1068 quo
692 985 843 1043 veteres
888 971 1112 1069 tragoediae

109 1082 424 1181 comoediaeque
442 1081 703 1173 clauduntur,
731 1085 924 1158 Plaudite.
960 1090 1006 1159 Iu
1025 1089 1160 1173 aliis53

111 1215 245 1274 autern
269 1200 448 1296 partibus
474 1198 698 1274 tractandus
733 1195 895 1275 affectus
923 1203 1019 1290 erit,
1069 1217 1113 1276 ut

110 1315 285 1414 quisquc
300 1310 488 1387 nascetur.
520 1338 612 1386 nam
626 1339 757 1413 neque
775 1319 921 1415 exponi
938 1312 1017 1388 sine
1033 1315 1112 1391 hoc

110 1453 174 1504 res
204 1445 351 1503 atroces
383 1445 424 1502 et
451 1426 690 1503 miserabiles
721 1429 893 1504 debent:
945 1456 1039 1505 cunr
1061 1431 1112 1505 de

111 1545 303 1645 qualitate
324 1545 490 1633 alicujus
517 1545 576 1616 rei
599 1540 775 1644 quaestio
800 1542 874 1633 est,
898 1545 1114 1644 probatio-

110 1661 234 1735 nibus
270 1661 584 1756 uniuscujusque
618 1659 677 1743 rei
713 1675 817 1732 recte
848 1656 1111 1759 subjungitur.

109 1774 195 1848 Ubi
228 1797 326 1847 vero
365 1779 618 1864 conjunctam
655 1798 703 1846 ex
738 1775 922 1872 pluribus
958 1765 1187 1862 causut'ust⁴

110 1890 289 1987 agimus,
317 1889 434 1960 etiarn
453 1884 597 1960 necesse
620 1890 694 1961 erit
717 1890 776 1961 uti
800 1889 985 1987 pluribus
1004 1887 1115 1984 quast
1173 1878 1176 1891 ’

111 2005 305 2102 epilogis:
345 2004 459 2075 utin
489 2006 649 2075 Verrem
677 2004 817 2078 Cicero
843 2000 948 2076 fecit.
1007 2006 1115 2076 Nam

110 2134 153 2192 et
170 2116 421 2203 Philodamo,
451 2132 490 2189 et
511 2115 731 2203 tranarclu's,
764 2134 803 2189 et
824 2122 1000 2191 cruciatis
1022 2122 1114 2192 cini·

110 2229 184 2307 bus
222 2232 429 2319 Romanu,
473 2248 513 2305 et
542 2232 628 2307 aliis
666 2233 852 2332 plurimis
880 2229 968 2307 suas
1003 2233 1118 2305 lacri-

177 2494 207 2534 ιι
223 2499 291 2533 cum.
322 2477 417 2533 Guels.
435 2494 466 2532 at
480 2499 546 2533 cum.
569 2476 653 2532 Male.
819 2479 989 2533 claudentem
1019 2479 1116 2534 Turic.

110 2562 269 2620 cluduntur·
437 2564 572 2616 l‘loudite.
616 2561 712 2616 Turio.
727 2562 833 2634 plodite
848 2580 864 2614 ι
877 2581 920 2636 pr.
937 2581 1031 2645 mauu.

180 2674 232 2738 54.
255 2664 331 2738 facit.
374 2663 468 2720 Guels.
489 2649 686 2739 Campfabt‘t,
708 2665 779 2719 male
794 2664 831 2719 ob
845 2666 929 2718 dedit.

178 2773 303 2823 cruciaris
324 2799 354 2814 α
376 2771 454 2824 llum.
497 2769 593 2824 Turia.
609 2772 733 2823 crucieius
755 2768 792 2822 R.
815 2785 831 2819 ι
853 2769 901 2822 sec.
925 2786 1008 2821 manu
1033 2771 1117 2823 nucis

113 2854 218 2911 civibus
232 2855 267 2906 sl.
283 2873 345 2906 cmn
360 2853 435 2907 Voss.
455 2866 481 2905 2.
525 2852 578 2906 Sed
594 2850 687 2907 Guels.
707 2850 794 2906 Gotb.
818 2853 886 2921 (tac.
899 2853 994 2919 Gelu.)
1019 2854 1116 2926 Camp.

112 2938 209 2995 Erucir
225 2937 332 3004 (lineis.
351 2936 502 2991 minuscula
515 2959 530 2988 e
547 2950 620 2989 utet
638 2934 720 3003 vall.)
736 2958 758 2989 c.
773 2936 810 2990 ll.
833 2935 944 3010 (Canop.
959 2955 1008 3010 per
1024 2954 1116 3010 comp.

113 3022 186 3089 Ro.)
202 3022 272 3079 sens.
290 3027 357 3090 (tae.
374 3020 470 3094 (iesu.)
497 3024 619 3074 cruciatis
633 3042 656 3073 c.
672 3022 709 3073 sl.
752 3022 851 3076 Vener.
867 3025 990 3075 cruciatis
1002 3023 1118 3074 civitati-

116 3106 166 3160 bur
180 3107 216 3160 fi.
238 3108 328 3159 utino
343 3105 423 3158 codd.
449 3106 599 3158 consensus.
643 3103 778 3175 Displicet
805 3104 978 3175 aliquatenus
1005 3102 1118 3176 pattici·

113 3189 196 3265 pium
213 3190 243 3242 in
257 3190 350 3243 suune
366 3192 501 3262 politura,
526 3203 556 3240 ut
570 3186 798 3259 malinteprima
814 3188 908 3241 Turic.
922 3206 1008 3242 mauu
1020 3204 1117 3240 eruere
1200 3238 1205 3251 ,

114 3275 276 3329 wiaribm
296 3277 392 3328 civium
410 3276 608 3331 [scamnorum.
644 3273 778 3344 quoniam
798 3270 972 3345 compendiis
993 3272 1051 3325 sere
1073 3288 1117 3325 ter

159 3508 212 3565 55.
236 3495 353 3551 debent.-
374 3516 440 3550 cum.
484 3495 599 3550 Consta·
682 3504 733 3568 54.
762 3499 927 3566 corsjunctam
942 3520 984 3534 -
1000 3490 1117 3566 causum.

115 3582 180 3659 goso
204 3577 272 3633 haec
296 3580 333 3633 est
357 3581 463 3648 01¹uti03
495 3595 533 3635 ,et
557 3579 599 3632 ui·
640 3579 742 3635 Eadem
784 3599 854 3654 quac
898 3594 927 3634 et
962 3578 1117 3653 multiplex.

113 3665 210 3718 mium
230 3685 314 3738 nequo
337 3664 439 3724 modo,
468 3667 599 3742 lisignis·
641 3665 751 3733 csbg.

114 3748 160 3802 cat
174 3769 209 3800 ne
222 3777 263 3790 -
280 3750 394 3821 quidem.
437 3750 503 3803 Nou
521 3749 600 3802 dubi·

115 3847 148 3885 to
173 3832 246 3905 quin
272 3833 407 3885 exciderit
427 3848 453 3885 et
476 3832 534 3906 post
555 3836 600 3886 de·
683 3832 1038 3887 Philodamo-Romanis.
1059 3828 1118 3888 Cis·

114 3918 206 3976 bene,
249 3917 426 3969 referendum
458 3916 530 3969 illud
567 3915 600 3968 ad
641 3915 883 3984 inVerr.1‚3o.
925 3915 1118 3971 Philodamus.

113 4020 213 4075 neque.
242 4000 278 4053 cs.
300 4016 362 4055 uot.
384 4000 445 4054 crit.
465 4000 499 4052 ad
520 4014 548 4067 5,
571 4010 600 4073 4.
641 4013 670 4067 5,
685 4010 734 4071 45.
749 3998 798 4072 46.
815 3996 956 4057 nauarchi·
982 4012 1120 4068 Μῖ-

119 4098 171 4152 23.
642 4085 692 4152 63.
709 4083 929 4141 circellomni.
972 4084 1006 4139 cs.
1025 4100 1119 4138 amem

160 4167 304 4244 qualitate.
327 4167 362 4221 cs.
380 4179 410 4235 5.
429 4182 477 4230 105
490 4180 538 4236 52.
643 4184 702 4222 not.
719 4169 780 4221 crit.

692 4276 789 4327 Ilua
