2550 4718
384 268 759 383 *CTURIM
1037 302 1062 347 v

44 462 258 571 agnoscent
281 462 431 562 periti,
476 476 677 559 quantum·
705 456 828 559 prosit
861 462 928 537 hic
956 464 1061 541 liber

47 604 229 699 reliquiis
270 596 581 701 Quintilianeis,
632 592 820 669 sinceram
857 595 1058 697 scriptoris

51 760 212 819 manum
236 733 363 807 toties
387 728 544 805 servans
566 731 609 805 in
629 708 757 828 prima
770 728 839 806 sua
851 728 1058 833 scriptura,

66 898 144 946 cum
159 865 296 943 reficta
310 866 400 951 illa,
429 888 529 963 quae
542 862 653 963 saepe
668 864 726 937 ibi
742 865 908 964 legitur,
936 867 1059 945 soleat

60 1005 230 1081 incidere
267 1002 316 1075 in
354 1000 607 1097 reliquorum
641 998 836 1075 librorum
872 1008 1057 1085 omnium

52 1142 133 1219 sere
156 1138 308 1215 sordes.
367 1138 474 1209 Haec
493 1134 645 1233 primae
670 1136 892 1214 anicensts
915 1134 1058 1221 manue

53 1274 286 1379 praestantia
312 1270 415 1344 mire
442 1284 575 1344 tamen
603 1266 762 1343 decoxit
785 1272 829 1345 in
849 1272 939 1353 loco
955 1280 1058 1357 Coe·

57 1414 161 1489 liano
181 1424 222 1507 4,
246 1430 268 1480 a
291 1420 388 1481 extr.

168 1683 303 1781 Quem
334 1668 543 1772 superiore
572 1668 782 1747 volumine
804 1670 924 1775 posui
950 1703 1061 1755 meo.

55 1840 153 1891 rum
179 1810 399 1885 criminum
423 1806 631 1893 libellum,
675 1831 724 1881 eo
745 1805 834 1883 sacae
861 1835 946 1887 non
973 1814 1062 1889 bre-

67 1952 223 2022 viorem
236 1940 415 2045 poteram
429 1954 469 2013 et
483 1940 552 2013 hic
567 1938 770 2033 subjicere,
793 1940 820 2015 si
835 1944 1063 2043 praesertim

60 2096 265 2159 retractare
284 2070 484 2162 libuisset,
515 2099 616 2173 quae
638 2075 844 2169 interjecto
868 2106 955 2159 nou
982 2084 1065 2157 exi-

59 2244 140 2319 gno
170 2233 355 2314 tempore
379 2224 420 2283 et
443 2210 529 2285 aliis
553 2224 594 2297 et
617 2234 684 2287 me
706 2209 792 2311 ipso
815 2213 1065 2291 admonenti.

60 2354 132 2427 bus
166 2349 307 2425 didici.
369 2346 476 2423 Cum
507 2358 640 2417 tamen
668 2348 737 2419 vix
771 2347 1065 2449 possitsperari,

62 2488 164 2561 nihil
185 2492 268 2579 jam
289 2478 438 2555 erroris
459 2478 503 2552 in
523 2476 725 2577 postemm
748 2480 850 2554 mihi
872 2487 1067 2585 compari·

63 2640 221 2707 turum,
263 2614 384 2691 satius
410 2614 486 2688 erit
508 2614 612 2703 lianc,
634 2614 953 2719 emendationem
977 2644 1068 2717 per·

63 2758 166 2831 iecto
183 2754 303 2854 operi
318 2746 520 2825 coronidis
536 2750 625 2823 loco
644 2751 859 2849 imponere.
922 2753 1069 2852 Aliqua

68 2894 226 2967 interim
244 2886 383 2962 licebit
397 2882 583 2972 delibare,
605 2908 706 2982 quae
721 2884 963 2985 praesentem
975 2912 1069 2988 prae

67 3030 149 3103 aliis
174 3021 377 3101 medelam
397 3014 570 3129 flagitare
595 3018 818 3096 videantur.
878 3026 928 3096 Et
948 3002 1070 3122 primi

72 3162 231 3261 quidem
275 3152 501 3231 voluminis
536 3155 734 3227 maculam
773 3157 907 3229 eluere
947 3160 1070 3256 cupio

73 3323 171 3385 eam,
227 3314 334 3393 quae
368 3286 666 3387 ingeniosissima
694 3295 770 3381 iam
796 3290 952 3389 pridem
976 3316 1071 3366 con·

69 3440 213 3525 jectum
255 3420 422 3499 abstersa
464 3418 566 3511 suit,
608 3448 673 3497 nae
716 3422 882 3524 quidem
919 3424 1069 3523 ignaro.

68 3570 224 3665 Nempe
276 3559 454 3660 paratior
497 3558 619 3646 mihi,
661 3561 826 3659 opinor,
866 3562 982 3634 venia
1017 3559 1074 3636 est

69 3726 185 3801 quam
229 3701 486 3779 Burmanno,
536 3694 629 3769 ICto
675 3695 853 3793 (qualem
889 3697 1075 3793 peritiam

75 3845 180 3929 jactat
209 3832 426 3931 aliquoties
461 3829 503 3899 in
534 3826 705 3905 ridendo
742 3827 963 3905 adversario
991 3828 1076 3921 suo,

77 3966 311 4068 Theologo).
373 3958 499 4038 Pofita
521 3958 595 4051 est,
632 3964 676 4036 in
700 3964 939 4065 Schultingii
956 3968 1079 4047 luris·

76 4104 283 4203 prudentia
307 4092 680 4181 Ante-lastinianea
705 4127 744 4202 p.
763 4120 865 4196 748,
895 4102 1079 4177 emenda.
