2550 4718
325 264 447 334 INST.
475 264 684 337 ORATOR„
711 266 800 385 LlB.
816 265 880 353 tt,
906 287 938 337 a.
1075 280 1144 346 103

136 443 317 563 staduiffe
334 456 520 540 oninium,
551 458 619 552 qui
627 449 688 562 sit
709 469 849 530 eventu
876 434 1143 564 deprehensus,

135 585 182 642 vt
198 569 372 642 occidere.
386 584 542 666 patrem
564 596 638 642 non
653 563 815 680 poffrnt.
877 573 1024 668 Neque
1044 573 1143 643 enim
1263 586 1270 601 '

130 681 237 780 jore)
241 710 280 755 ιιι
281 683 391 756 aiulo
408 709 504 779 opus
510 676 659 794 fuiffe
687 679 807 792 flas
793 713 895 786 ioqui
890 684 989 759 doc
1008 687 1141 760 mentis
1208 718 1212 737 ·

136 789 379 930 sinduifferit,·
422 823 491 870 nec
504 792 641 906 sorte,
688 793 758 906 nist
790 803 896 898 quod
906 797 959 909 Je
981 804 1141 899 quisque
1183 873 1188 890 ,
1265 848 1269 863 ·

137 917 254 988 eximi
250 912 463 988 voluerit:
492 914 626 990 omnia
643 913 738 986 haec
751 912 1043 1013 qualiacunque
1056 916 1140 1012 pla·

138 1027 358 1103 cidiorib'us
371 1029 514 1102 animis
529 1029 794 1126 accipientur,
842 1028 911 1105 illa
925 1029 1038 1105 brevi
1056 1030 1138 1128 pri-

133 1166 225 1216 mae
240 1135 519 1242 propositionis
536 1140 765 1217 defensione
781 1144 946 1218 mollita
977 1148 1027 1216 At
1043 1163 1184 1222 cunita

132 1260 356 1355 quaeritur,
379 1261 449 1332 An
453 1253 614 1362 suctum
618 1251 705 1367 fit?
731 1259 810 1341 iel,
841 1258 1136 1370 Qualejoctum

120 1367 214 1482 fit?
248 1374 339 1446 licet
361 1377 496 1448 omnia
518 1391 655 1448 contra
680 1397 754 1448 nos
781 1369 872 1460 sint,
925 1370 1134 1499 quomodo

133 1502 268 1562 tamen
318 1490 466 1561 evitare
512 1485 798 1587 expositionem
846 1485 950 1560 salva
1000 1484 1135 1560 causae

130 1603 289 1679 ratione
303 1599 535 1701 possumus?
565 1604 751 1678 Narravit
766 1601 974 1688 accusator,
1002 1623 1134 1696 neque

129 1718 205 1804 ita,
241 1733 306 1829 ut,
344 1742 443 1816 quae
469 1714 588 1792 essent
607 1735 723 1806 acta,
746 1733 900 1793 tantum
921 1714 1134 1804 indicaret3

130 1830 201 1906 sed
222 1832 362 1924 adjecit
384 1832 598 1920 invidiam,
631 1856 716 1906 rem
732 1834 863 1906 verbis
882 1829 1131 1929 exasperavit.

135 1943 372 2021 accesserunt
394 1947 670 2045 probationes,
719 1949 917 2045 peroratio
941 1945 1131 2030 incendit,

79 2077 173 2145 sset
192 2062 331 2161 plenos
361 2063 440 2135 irae
465 2063 639 2160 reliquit.
696 2066 880 2161 Expectat
900 2060 1179 2135 naturaliterrss

127 2175 270 2272 judex,
300 2175 401 2276 quid
417 2193 598 2252 narretur
613 2203 634 2249 a
648 2176 774 2252 nobis.
833 2178 874 2250 Si
888 2174 993 2250 nihil
1012 2199 1131 2273 expo·

127 2295 283 2378 nimiu,
319 2292 388 2365 illa
412 2287 507 2378 esse,
543 2317 643 2392 quae
668 2288 912 2367 adversarius
934 2289 1056 2376 dixit,
1090 2303 1130 2361 et

133 2409 244 2496 talia,
273 2406 405 2506 qualia
427 2406 547 2494 dixit,
586 2407 715 2481 credat
733 2402 880 2481 necesse
899 2403 963 2478 est
1020 2401 1130 2509 Quid

131 2524 255 2623 ergo?
293 2521 432 2594 eadem
455 2524 729 2620 exponemus?
795 2523 835 2596 Si
863 2519 913 2593 de
939 2521 1127 2616 qualitate

129 2652 289 2737 agetur,
319 2641 433 2725 cuius
453 2651 540 2710 tuin
557 2633 719 2711 denium
739 2631 914 2734 quaestio
934 2631 1008 2720 est,
1034 2657 1129 2708 cum
1191 2734 1197 2745 ⁸

131 2749 180 2825 de
197 2778 240 2825 re
259 2750 428 2843 constat,
459 2750 616 2839 eadem,
643 2747 711 2825 sed
727 2775 811 2825 non
826 2745 967 2822 eodeni
983 2744 1126 2821 modo:

127 2866 220 2941 alias
251 2863 400 2953 causas,
450 2867 565 2939 aliam
595 2868 789 2940 rationem
817 2861 931 2938 dabo.
991 2860 1175 2946 Verbisn

125 2983 283 3055 elevare
305 2979 499 3080 quaedam
528 2981 684 3055 licebit:
728 2981 886 3055 luxuria
910 2976 1128 3062 hilaritatis,
1151 3022 1157 3055 ι

128 3100 303 3174 avaritia
342 3089 623 3205 porflmoniae,
663 3093 906 3200 negligentia
939 3082 1128 3204 sunplici'·

192 3334 242 3396 74.
264 3344 348 3401 nequa
369 3329 445 3379 onim.
467 3325 513 3380 stc
533 3324 629 3381 Turio.
653 3325 751 3398 camp·
772 3319 866 3379 Gucls.
887 3319 1002 3393 Reliqui
1023 3339 1071 3374 ricc
1083 3336 1125 3374 ιιι.

128 3408 162 3463 ὦ
181 3409 347 3570 “tympus
368 3501 416 3552 ιἰιι.
459 3497 504 3551 Sic
526 3497 620 3552 Turio
645 3498 742 3573 camp.
765 3482 996 3570 Guelfsslleliqni
1012 3515 1058 3551 mc
1076 3496 1131 3574 fu,
1175 3529 1177 3533 ,

124 3582 162 3649 ef.
179 3597 207 3650 3.
226 3602 273 3642 ii,
291 3594 339 3652 24.
356 3582 423 3636 item
438 3600 509 3635 mox
524 3582 540 3652 5
553 3596 603 3658 93.

171 3793 221 3846 75.
246 3780 283 3834 Ae
303 3802 360 3836 cam
382 3786 523 3856 quaerito.
555 3788 607 3838 Re·
649 3783 714 3838 Liv.
732 3796 823 3842 am.
842 3798 888 3834 ιι.
930 3776 1125 3833 Potesttamen

126 3864 207 3939 spicit
223 3868 259 3917 At
276 3864 457 3935 “ists-⁶8·
475 3867 605 3938 cssqq.
649 3867 717 3920 serii
739 3882 827 3920 tamen
847 3862 884 3920 ob
903 3861 934 3919 id
953 3861 1030 3938 quod
1049 3877 1127 3936 prae·
1190 3918 1193 3925 ,

171 3950 303 4020 quomodo
350 3965 446 4004 tunicii.
509 3952 607 4007 Malim
649 3950 723 4004 cessit
739 3952 809 4004 licet·

126 4035 252 4092 tantem.
301 4053 371 4106 quae
409 4034 444 4086 cll
479 4036 607 4108 frequens
693 4049 742 4101 77.
770 4027 881 4088 luxuria
920 4062 963 4079 -
1004 4031 1127 4107 haletum

128 4115 262 4176 mutto.
300 4119 362 4176 vid.
397 4119 539 4178 Drakeub.
574 4119 608 4175 id
648 4119 684 4175 as.
701 4133 736 4188 3.
758 4133 795 4187 7,
816 4129 866 4186 25.
895 4149 899 4159 ·
