2550 4718
239 300 309 368 ,οε
475 299 531 366 n
555 298 656 369 rao.
680 264 992 393 ocrnnnim

188 485 400 561 27Prob0s·
413 485 607 585 quosdam
637 500 678 560 et
701 485 950 561 verectmdos
982 508 1085 561 non·
1107 478 1237 586 aspere

232 597 418 675 incessere
448 597 611 701 profuit.
654 626 748 676 nam
770 599 900 701 saepe,
935 600 1017 699 ¹,qui
1048 598 1237 677 adversus

233 713 486 791 insectantem
501 712 752 816 pugnassent,
779 712 970 793 modestia
987 717 1234 815 mitigantur.

234 832 374 906 Omnis
401 846 535 905 autem
568 833 826 931 interrogatio
862 846 932 906 aut
963 835 1001 905 in
1024 826 1150 941 cansa
1172 829 1233 919 est,

229 961 304 1023 aut
318 961 433 1021 extra
449 938 614 1054 causam.
675 950 725 1020 In
742 939 879 1055 causa,
906 945 1005 1021 sicut
1020 943 1231 1023 accusatori

227 1060 512 1160 praecepimus,
534 1076 726 1161 patronus
742 1086 907 1160 quoque
922 1062 1053 1151 altius,
1071 1076 1115 1135 et
1128 1060 1231 1136 unde

229 1176 336 1253 nihil
378 1172 546 1275 suspecti
591 1175 659 1265 fit,
712 1178 877 1276 repetita
922 1177 1231 1277 percontatione,
1269 1224 1271 1229 -

230 1292 366 1389 priora
382 1287 640 1389 sequentibus
659 1290 913 1391 applicandO,
941 1288 1055 1389 saepe
1076 1314 1128 1367 eo
1148 1315 1233 1391 per·

230 1404 344 1479 ducit
364 1405 566 1492 homines,
595 1420 643 1481 ut
663 1407 822 1493 invitis,
851 1404 963 1505 quod
978 1402 1132 1505 prosit,
1169 1430 1232 1481 ex·

181 1532 224 1595 ⁹8
232 1535 423 1616 torqueat.
482 1524 574 1613 Ejus
603 1522 662 1595 rei
694 1517 772 1595 fine
802 1520 929 1595 dubio
957 1544 1102 1617 neque·-
1119 1517 1231 1595 disci·

229 1637 341 1735 plina
358 1634 439 1707 ulla
452 1635 496 1707 in
511 1633 673 1723 scholia,
708 1660 841 1735 neque
864 1637 1093 1711 exercitatio
1115 1634 1230 1709 tradi·

226 1765 320 1843 tur:
351 1764 392 1823 et
406 1751 577 1824 naturali
591 1751 713 1849 magis
731 1752 933 1837 acumine,
960 1765 1030 1825 aut
1043 1746 1123 1825 usu
1140 1774 1229 1826 con·

228 1866 349 1964 tingit
364 1862 459 1937 haec
475 1867 613 1946 victua
659 1866 712 1947 si
728 1865 840 1962 quod
853 1882 984 1941 tamen
1001 1864 1228 1965 exemplum

232 1978 283 2055 ad
315 1982 578 2056 imitationem
614 1979 967 2055 demonstrandum
990 1978 1057 2067 stt,
1100 1976 1229 2057 solum

226 2093 306 2183 est,
334 2094 448 2193 quod
461 2122 511 2171 ex
524 2096 694 2200 dialogis
714 2096 1019 2183 Socraticorum,
1042 2096 1229 2171 manime·

229 2232 311 2307 qne
336 2208 531 2297 Platonis,
584 2209 678 2284 duci
700 2208 845 2308 potest:
891 2210 935 2283 in
958 2210 1108 2307 quibus
1128 2208 1227 2281 adeo

228 2322 344 2397 scitae
362 2320 455 2397 sunt
477 2326 826 2425 interrogationes,
869 2310 940 2413 ut,
956 2405 960 2414 ¹
975 2350 1070 2407 cum
1092 2324 1224 2425 pleris·

114 2425 116 2428 ⁵
229 2462 308 2537 que
343 2436 445 2513 bene
477 2438 779 2540 respondeatur,
838 2465 899 2515 res
929 2455 1062 2512 tamen
1093 2436 1145 2513 ad
1175 2436 1227 2525 id,

76 2618 79 2623 .
182 2553 343 2655 eoquod
370 2555 518 2629 volunt
538 2554 707 2644 efficere,
734 2557 951 2656 perveniat.
1018 2553 1129 2628 lsind
1151 2551 1227 2628 sor·

211 2684 326 2762 tuna
339 2671 501 2749 interim
519 2669 700 2771 praestat,
729 2687 775 2746 ut
791 2668 962 2769 aliquid,
996 2668 1112 2769 quod
1128 2672 1243 2743 intct'

227 2784 266 2860 se
284 2810 426 2883 parum
444 2784 680 2874 consentiat,
702 2789 730 2859 'a
746 2784 838 2859 toste
858 2784 1030 2858 dicatur:
1068 2784 1227 2857 interim

227 2898 358 2997 (quod
391 2898 542 2999 saepius
576 2903 727 3000 evenit)
754 2919 799 2975 nt
824 2898 928 2974 testis
956 2897 1045 2972 testi
1077 2896 1228 2971 diversa

227 3012 340 3087 dicat.
401 3018 526 3089 Acuta
567 3032 701 3091 autem
744 3017 1002 3114 interrogatio
1047 3013 1096 3088 ad
1140 3012 1227 3099 hoc,

293 3234 341 3291 27.
364 3237 413 3276 mn
429 3218 560 3297 intonsa.
582 3220 679 3277 Turic.
696 3219 790 3277 Guelf.
808 3224 904 3295 Camp.
920 3240 947 3274 a.
960 3241 998 3275 ex
1014 3242 1037 3275 c.
1063 3236 1129 3275 enm
1143 3217 1225 3276 Goth.

227 3303 304 3363 Voss.
326 3324 350 3360 ι.
367 3320 395 3375 5.
439 3310 512 3362 Mox
527 3322 619 3359 tamen
636 3324 731 3360 omnes
749 3310 779 3359 In
795 3304 885 3380 causa.

292 3402 340 3460 28·
363 3390 524 3465 neqoedt'sc
543 3420 583 3432 -—
598 3412 679 3463 neque
696 3411 783 3445 exerc.
828 3392 872 3443 Sic
894 3390 989 3444 Turic.
1034 3387 1154 3464 Reliqui
1175 3389 1225 3445 scr·

225 3476 474 3532 neem-neco.
500 3477 712 3548 cf.4,a.rir.
756 3485 878 3546 span,

224 3644 325 3705 „iurm
359 3660 459 3717 parom
489 3640 595 3716 plaeere
625 3643 706 3698 senti·
790 3656 838 3711 27.
866 3640 1015 3715 accusatori
1036 3646 1225 3719 praecepimus·

225 3740 322 3788 μου·
370 3734 445 3783 Suet.
468 3729 527 3781 vita
548 3731 618 3784 Luc.
641 3752 706 3791 „ro-
747 3728 876 3795 cstii'y.
897 3740 943 3796 ¹8·

224 3814 402 3885 ..Jrigerantsi
423 3812 464 3866 sni
485 3814 589 3866 causa.“
631 3818 704 3869 Mox
790 3828 839 3882 τιὸ.
861 3815 925 3867 barto
947 3809 1147 3885 respon-secitur
1167 3812 1222 3867 ic.

224 3894 300 3963 §5¹
332 3930 349 3954 ι,
358 3896 554 3973 interrogantis
570 3917 626 3951 non
641 3898 703 3952 lero
745 3913 827 3957 recto,
848 3903 902 3950 linc
919 3914 1012 3949 errore
1028 3896 1221 3969 respondentis·

224 3978 340 4057 „srigua
364 3979 428 4033 est.“
450 3982 469 4033 i.
487 4004 510 4036 e.
530 3983 702 4062 interrogant
789 4001 838 4056 ²9·
862 3988 947 4036 ⁴teoto
962 3985 1152 4053 intermgan'c.
1174 3986 1222 4050 Ap·

223 4081 392 4141 magnopere
406 4064 595 4144 refrigeratur·
744 4070 831 4141 posito
865 4066 958 4119 locum
995 4063 1142 4119 Ciceronis
1182 4062 1221 4119 itio

745 4152 826 4227 ponit
841 4154 984 4211 Gesnerus.
1006 4148 1158 4205 habentem
1170 4147 1220 4205 hrt·
