2550 4718
238 302 312 376 aaa
478 283 659 367 ruem.
683 285 999 381 nummum

321 477 416 552 XII..
435 477 542 552 Haec
558 472 643 552 fere
662 473 712 550 de
728 469 979 573 probatione,
1008 472 1140 551 velab
1150 473 1269 573 aliisn

236 589 399 681 tradita,
446 593 513 667 vel
544 587 622 673 usu
649 605 855 690 percepta,
902 591 948 665 in
976 590 1056 669 hoc
1078 606 1236 691 tempus

235 706 416 785 sciebam.
489 707 578 783 Nec
602 707 706 783 mihi
728 702 876 783 fiducia
902 703 978 795 est,
1024 714 1078 783 ut'
1092 731 1140 781 ea
1158 704 1236 784 iola

235 819 312 898 esse
327 820 584 899 contendam:
621 824 722 923 quin
741 823 869 899 immo
889 820 1033 897 hortor
1050 818 1107 897 ad
1120 848 1236 923 quae·

232 937 421 1029 rendum,
442 954 487 1012 et
499 939 675 1015 inveniri
689 932 795 1037 poffe
809 934 956 1021 fateor:
985 962 1090 1036 quae
1104 953 1235 1019 tamen

234 1053 383 1147 adjecta
408 1052 580 1143 fueruit,
615 1078 700 1129 non
715 1053 895 1129 multum
906 1052 955 1126 ab
971 1052 1038 1129 hie
1050 1052 1236 1133 abhorre·

231 1167 346 1247 bunt.
403 1171 529 1246 Nunc
570 1168 769 1257 breviter,
812 1166 1162 1269 quemadmodum
1194 1165 1236 1245 fit

206 1284 434 1361 mutandum
460 1284 546 1372 his,
583 1283 830 1383 subjungam.
908 1282 1124 1371 Traditum
1154 1282 1234 1361 fere

205 1396 305 1487 est,
343 1399 640 1505 Argumentum
681 1415 861 1498 oportere
895 1392 974 1512 effe
1006 1393 1233 1513 confqffum.

229 1511 355 1590 dubiis
369 1519 468 1589 enim
480 1511 645 1613 probari
656 1511 775 1589 dubia
797 1518 865 1613 qui
882 1507 1072 1627 poffunt?
1109 1522 1252 1623 Quae·-

230 1629 323 1705 dam
338 1646 490 1723 tamen,
523 1655 623 1729 quae
640 1631 685 1704 in
699 1622 861 1705 alterius
879 1632 939 1705 rei
954 1631 1233 1730 probationem

230 1744 438 1834 ducimur,
479 1743 563 1845 ipsa
614 1743 819 1845 probanda
873 1743 975 1821 sunt
1052 1741 1234 1855 Occidisti

229 1864 379 1949 uirum,
418 1865 631 1936 eraserim
655 1860 847 1936 adultero.
905 1862 1023 1945 Prius
1046 1860 1100 1937 de
1122 1859 1233 1940 adul·

204 2068 206 2073 Ι
227 1979 333 2054 tario
350 1976 675 2053 convincendum
691 1973 764 2065 est,
791 1989 856 2064 ut,
886 2001 980 2053 cum
994 1974 1040 2050 id
1058 1980 1232 2079 coeperit

97 2119 102 2133 ·
225 2088 304 2167 effe
349 2080 424 2191 pro
471 2107 598 2180 certo,
637 2088 704 2166 fiat
748 2092 891 2166 incerti
938 2108 1227 2191 argumentum.

228 2207 429 2304 Spiculum
446 2222 554 2280 tuum
569 2211 608 2279 in
622 2230 783 2309 corpore
803 2200 912 2314 occist
936 2211 1130 2283 inuentum
1146 2200 1228 2311 asta

72 2422 75 2431 Ι
226 2312 502 2429 negat-suum.-
547 2335 593 2395 ut
619 2321 846 2420 probationi
875 2318 1016 2422 profit,
1058 2320 1232 2422 proban·

177 2434 179 2438 ’
199 2432 329 2521 adum
351 2432 416 2509 est.
475 2433 584 2511 Illud
599 2435 677 2510 hoc
697 2437 787 2512 loco
801 2460 965 2530 monere
978 2439 1087 2539 inter
1099 2434 1232 2513 neces·

223 2546 323 2625 saria
339 2546 414 2640 est,
441 2551 554 2626 nulla
577 2547 651 2624 effe
672 2547 869 2640 firmiora,
906 2577 1028 2652 quam
1053 2577 1158 2652 quae
1183 2578 1229 2628 ex

224 2662 359 2757 dubiis
375 2662 582 2741 factasunt
599 2682 712 2742 certa.
776 2667 925 2743 Caedes
938 2695 964 2742 a
978 2683 1018 2740 te
1032 2660 1228 2783 commiffa

222 2776 303 2886 est,
335 2797 531 2856 cruentam
556 2787 654 2856 enim
674 2776 823 2886 uestem
845 2776 1024 2886 Irnbuisti.
1061 2808 1149 2860 non
1175 2779 1227 2858 est

221 2910 304 2969 tam
328 2920 448 2997 grave
476 2912 774 2996 argumentum,
828 2896 1052 3004 fifatetur‚
1106 2923 1226 2998 quam

220 3007 544 3103 ficonvincitur.
620 3014 725 3088 Nam
753 3012 783 3087 [ἰ
808 3011 973 3101 fatetur,
1010 3013 1153 3089 multis
1180 3034 1225 3087 ex

221 3124 345 3202 caufis
373 3127 508 3226 potuit
540 3144 702 3203 cruenta
729 3124 804 3202 effe
835 3127 974 3217 vestis;
1032 3125 1065 3203 fi
1097 3144 1225 3229 negat,

218 3239 288 3315 hic
313 3239 447 3318 causae
469 3241 671 3319 cardinem
694 3245 827 3355 ponit,
865 3244 1013 3344 inquo
1040 3241 1069 3317 ss
1094 3245 1223 3320 victus

217 3352 364 3449 fuerit,
411 3360 531 3436 etiam
575 3360 621 3433 in
664 3357 920 3459 sequentibus
961 3360 1056 3434 ruit
1124 3360 1222 3435 Non

281 3579 310 3631 5.
331 3586 387 3620 cru.
407 3568 484 3620 onim.
534 3563 629 3620 Guelf.
657 3563 754 3639 Crmp.
782 3565 919 3620 omittunt
945 3569 1015 3621 enim
1036 3562 1103 3619 cum
1124 3560 1220 3619 multis

214 3649 288 3722 apud
304 3653 401 3704 Bnrm.
419 3664 447 3705 et
464 3647 526 3705 edd.
541 3666 603 3704 ante
616 3648 684 3705 Btd.
698 3649 749 3723 qui
762 3651 867 3724 reecpit
889 3670 925 3705 ax
946 3651 1106 3725 conjectura
1129 3646 1219 3726 Regii.

214 3733 269 3789 Sed
284 3734 379 3788 Turio.
395 3732 496 3789 hebere
509 3735 633 3790 videtur.

280 3819 422 3873 cardinem
466 3818 560 3875 Gueli.
579 3821 676 3894 camp,
691 3819 820 3875 ordinem.

257 4000 286 4040 2.
307 3990 353 4061 qui
364 3986 481 4065 poffam.
511 3987 595 4044 Malis
608 3986 694 4065 poffe·
735 3997 776 4062 49
790 3984 930 4064 neroffarie
951 4003 1006 4059 pro
1029 3981 1131 4062 mctffe
1145 3980 1214 4043 Jent

155 4066 161 4077 ’
256 4085 284 4138 5.
314 4074 382 4125 inter
399 4070 549 4149 attestatio.
591 4072 693 4128 Malim
734 4086 763 4127 et
779 4072 841 4127 edd.
858 4085 921 4126 ente
941 4069 1007 4141 ΔΜ,
1047 4067 1085 4124 οἱ.
1106 4081 1136 4125 et
1156 4078 1212 4122 aot.

209 4156 332 4218 interim.
360 4155 468 4233 neceffa.
511 4157 613 4225 3105,
642 4171 689 4226 15,
732 4155 794 4213 crit.
809 4155 842 4211 ed
858 4168 887 4223 5,
907 4173 952 4216 to,
968 4152 1020 4230 69.
