2550 4718
166 270 245 355 336,
361 296 367 305 ·
405 265 461 337 tn.
481 248 583 336 naa.
609 267 922 365 oninnntnn
971 276 975 283 ·

166 459 293 533 statim
312 457 415 532 dicta
432 459 591 532 omnent
612 454 902 531 dubitationem
918 450 1161 555 sustulissent,

168 573 287 648 diiata
315 573 406 673 ipfis
433 573 795 673 praeparationibus
828 569 950 646 fidem
978 558 1163 670 perdunt,

168 692 260 787 qnia
288 707 478 787 patronus
504 704 541 761 et
564 689 649 761 aliis
671 686 884 761 crediderit
910 712 1015 785 opus
1043 682 1162 760 fuiffe

119 846 125 859 ·
166 803 372 878 Fiduciam
387 805 510 903 igitur
527 817 659 878 orator
675 827 768 901 prae
786 799 823 874 se
837 800 958 889 ferat,
996 797 1163 900 semper·

168 946 245 1016 que
262 919 314 991 ita
330 918 453 1008 dicat,
489 934 676 1029 tanquam
703 916 753 1012 de
779 915 890 991 causa
909 917 1062 1018 optime
1083 913 1164 990 sen·

120 1037 251 1124 52tiat¹
307 1034 427 1141 Quod
455 1031 577 1135 (ficut
593 1034 755 1130 onmia)
775 1036 827 1106 in'
842 1033 1038 1109 Cicerone
1058 1056 1165 1132 prae·

169 1152 335 1248 cipunni
356 1148 420 1223 est.
480 1151 588 1223 Nam
620 1149 688 1221 iiia
722 1145 877 1229 summa
907 1172 1003 1222 cura
1023 1144 1182 1223 securi·

167 1269 255 1338 tatis
279 1262 332 1336 est
355 1263 513 1350 similis,
550 1279 736 1361 tantaque
761 1267 805 1338 in
828 1265 1009 1338 oratione
1032 1275 1162 1338 ancto-

60 1430 64 1437 -
166 1382 277 1467 ritas,
307 1395 354 1452 ut
381 1380 625 1478 probationis
647 1379 783 1453 locum
810 1378 1009 1473 ohtinea't,
1049 1376 1163 1453 dubi·

165 1509 246 1567 tare
288 1495 404 1569 nobis
452 1520 535 1570 non
586 1491 832 1590 audentibus.
906 1499 1054 1581 Porro,
1096 1494 1163 1591 qui

164 1607 315 1695 scierit,
345 1609 444 1706 qnid
463 1637 550 1708 pars
561 1604 734 1695 adversa,
760 1608 859 1707 qnid
877 1606 1009 1684 nostra
1026 1608 1163 1683 habeat

91 1780 95 1789 .
164 1722 482 1812 valentiffintuni,
524 1724 639 1797 i'acile
660 1723 867 1816 judicabit,
913 1724 1064 1820 quibus
1085 1750 1164 1799 ma·

164 1841 269 1913 ximc
294 1842 411 1914 rebus
439 1840 500 1913 vel
524 1837 817 1915 occurrendum
840 1837 903 1930 fit,
936 1840 1003 1913 vel
1020 1837 1162 1914 instan-

117 1955 276 2030 ssdum.
336 1955 445 2029 Ordo
481 1954 646 2054 quidem
673 1956 716 2027 in
753 1971 862 2052 parte
895 1956 1008 2029 nulla
1030 1957 1163 2029 minus

52 2134 56 2143 .
165 2066 277 2143 affert
295 2071 450 2144 labori&
507 2072 632 2156 Nam,
664 2067 691 2142 st
717 2071 892 2168 agimus,
918 2067 1053 2145 nostra
1071 2096 1162 2143 con·

165 2182 356 2258 firmanda
381 2184 469 2258 sunt
494 2186 691 2283 primuni:
740 2201 846 2273 tuin,
892 2190 1009 2285 quae'
1024 2181 1157 2260 nostris

165 2303 447 2396 opponuntur,
487 2295 703 2371 refutanda.
782 2300 823 2372 Si
868 2298 1162 2400 respondentia,

114 2416 272 2512 54prius
288 2413 560 2510 incipiendum
577 2410 631 2484 est
650 2439 669 2485 a
688 2410 934 2488 refutasione.
985 2413 1162 2489 Nascun-

164 2545 229 2602 tur
250 2543 381 2603 autent
406 2553 453 2600 ex
474 2528 554 2616 his,
593 2555 693 2625 quae
713 2529 1019 2605 contradictioni
1038 2556 1162 2629 oppo-

136 2674 146 2746 .'
163 2642 335 2728 suimus,
380 2644 476 2716 aliae
504 2642 854 2732 contradictiones,
896 2663 1075 2743 euntque
1102 2647 1203 2739 inum

130 2769 134 2787 ¹
162 2761 278 2832 terim
299 2761 477 2857 longius:
517 2774 562 2833 ut
575 2757 841 2857 gladiatorum
858 2785 1021 2848 titanus,
1062 2784 1160 2860 quae

161 3076 181 3132 d
225 2993 305 3048 dicta.
349 2991 445 3047 Turio.
460 2991 582 3054 omittit,
602 2990 684 3045 male.
721 2992 912 3065 opponuntur
920 2990 1020 3068 statim
1035 2996 1108 3050 dicta
1123 3023 1159 3038 -·

181 3079 256 3133 ilata.

203 3289 254 3351 54.
274 3299 376 3333 manns.
416 3277 598 3334 conserendi·
613 3292 641 3333 et
682 3293 791 3334 uocatae
818 3275 922 3333 scierint
946 3275 1083 3354 secandae
1111 3303 1161 3336 mo·

160 3364 246 3418 nostri
261 3360 328 3418 locis
345 3362 373 3422 6,
386 3370 414 3433 4.
432 3373 460 3431 8.
503 3383 530 3435 9,
549 3384 574 3423 ι,
590 3379 638 3417 20.
682 3385 738 3418 nus.
790 3365 861 3418 Nam
903 3365 980 3435 qnod
1028 3368 1161 3421 Gesnenu

162 3465 190 3504 et
210 3449 328 3502 aliorum
354 3447 413 3505 [atis
437 3462 564 3520 apparet,
586 3469 640 3501 ma·
682 3448 780 3505 sumit,
803 3450 921 3521 priniana
944 3467 1059 3504 manum
1082 3449 1161 3504 intel·

161 3555 224 3588 num
240 3534 295 3586 dici
312 3550 363 3606 pro
377 3535 440 3590 ictu,
461 3551 530 3604 qnae
547 3531 582 3584 est
599 3533 639 3584 in·
682 3531 731 3607 ligi
748 3535 869 3584 canentis
884 3534 990 3594 ictum,
1017 3536 1159 3588 sectandam

162 3616 324 3691 terpretatio
348 3614 438 3669 Schoi.
456 3617 488 3671 V.
514 3614 547 3666 ad
571 3619 639 3674 Stat.
681 3616 842 3675 inserentis,
880 3616 909 3668 id
944 3617 1062 3690 qnidam
1097 3619 1160 3671 inde

160 3703 250 3756 Theb.
269 3702 296 3760 6.
318 3710 387 3768 788.
431 3700 518 3753 Sicet
534 3700 639 3754 incon.
681 3703 804 3773 precario
829 3700 946 3753 edicitur
970 3704 1062 3775 „qino
1082 3704 1159 3777 prins

162 3784 197 3844 6.
226 3802 291 3857 ¹9⁰·
314 3787 480 3839 Muttiantur
502 3784 567 3837 hinc
589 3803 640 3839 vo·
681 3785 755 3845 „cst,
779 3784 1066 3856 lianiani1n‚jnstins,
1089 3786 1160 3840 tueri

162 3887 222 3922 eein
253 3869 283 3920 iu
315 3867 386 3922 aicae
409 3867 525 3939 jactibus
549 3868 639 3942 appel·
680 3883 804 3942 „corpus
824 3871 918 3930 sanun:
942 3870 1078 3935 alteram,
1098 3869 1158 3924 atie·

160 3950 259 4006 landis.
303 3952 336 4004 cf.
362 3952 474 4007 Caianb.
508 3951 541 4005 ad
563 3957 637 4006 Suet.
678 3953 894 4013 „nnmt'erirw
915 3955 1159 4027 Equidemcaven·

160 4038 234 4115 Aug.
266 4056 288 4091 c.
312 4049 361 4099 71.
418 4039 517 4110 Neque
547 4050 637 4090 tamen
680 4039 714 4090 tis
730 4039 816 4090 ictam
831 4037 936 4092 nnllam
960 4040 1013 4093 effe
1037 4059 1156 4097 manum»

159 4139 245 4195 teque
259 4119 338 4176 facile
353 4121 404 4184 ott.
424 4121 537 4181 docere,
567 4139 639 4196 quae
678 4123 723 4177 [cd
751 4121 802 4177 toti
822 4122 955 4178 inferenti
975 4124 1065 4182 tribui
1089 4140 1155 4184 eu»
