2550 4718
247 319 789 406 1usn.omton.mn.v,
818 342 875 390 to·
988 306 1071 406 255'

58 503 276 609 speciosam
292 505 478 580 adulterii
500 505 720 580 damnatam
738 505 937 606 quandam
953 532 1056 583 eme·

57 627 134 711 1·it;
192 636 261 696 aut
302 621 506 720 parricidii
549 647 619 696 reo
664 621 891 710 luxurioso,
945 622 1058 723 quod
1158 650 1161 655 ·

58 739 209 813 dixerit
232 738 356 835 patri,
408 738 509 811 Non
540 735 706 835 amplius
731 762 791 810 me
814 734 1058 843 objurgabia:

10 880 16 915 ι
56 880 154 929 nam
177 866 217 926 et
240 852 332 939 ille,
368 852 572 951 nunquia
600 852 717 939 emit,
752 851 848 927 leno
869 849 943 941 esl;
978 851 1058 943 sed,

59 970 156 1068 quia
178 969 273 1043 leno
295 981 394 1051 erat,
429 969 549 1040 emit:
584 991 659 1041 nec
673 966 758 1053 hic,
789 967 883 1065 quia
904 964 955 1040 fic
976 985 1058 1042 erat

57 1086 242 1170 locutus,
280 1081 426 1158 occidit
435 1108 447 1171 ;
492 1078 583 1170 sed,
629 1083 721 1181 quia
741 1097 822 1154 erat
845 1080 1059 1170 occisurus,

59 1196 112 1272 sic
132 1198 291 1273 locutus
312 1193 377 1271 est.
470 1190 594 1306 Casus
617 1210 772 1285 autem,
814 1200 950 1297 quiet
975 1197 1106 1298 ipse4e

59 1476 171 1534 barbara
187 1476 302 1532 advecta
324 1476 378 1536 esl,
410 1490 443 1529 nt
462 1475 542 1549 prius
582 1474 638 1538 rit,
665 1473 801 1528 lenocinii
819 1476 955 1551 suspectae
976 1478 1010 1532 fit
1029 1474 1060 1531 in

60 1563 139 1617 domi
171 1562 300 1616 damnata
334 1558 444 1615 interit?
486 1562 541 1619 An,
581 1560 697 1634 speciosa
711 1561 757 1614 sua
769 1576 868 1615 uxore.
909 1559 1060 1620 Haneloci

59 1650 133 1702 sama
164 1646 202 1701 ob
222 1644 393 1700 adulterium
422 1642 541 1718 perdita,
581 1642 742 1698 difficillimi
758 1642 894 1698 medelam
914 1647 1060 1720 proposuit

57 1734 105 1787 sua
128 1732 224 1805 sponte
250 1731 281 1785 iu
310 1729 472 1783 servitutem
494 1747 542 1782 ve·
582 1726 723 1783 consultus
744 1747 760 1781 a
781 1746 826 1781 me
844 1731 949 1807 Hugo·,
976 1733 1062 1787 lctua

56 1814 125 1870 nit?
175 1815 278 1875 Variae
310 1814 387 1867 enim
419 1811 543 1867 subnasci
583 1810 787 1867 celeberrimus.
840 1813 870 1866 Si
894 1830 950 1885 qna
970 1817 1062 1888 cujus.

58 1900 177 1974 possunt
224 1898 396 1973 suspiciones.
458 1895 541 1969 Quod
583 1915 695 1970 cunque
709 1894 860 1974 gentialex
876 1895 987 1960 suisset,
1018 1914 1060 1963 ut,

61 2003 152 2038 uniam
175 1980 259 2053 hujus
283 1983 393 2061 generie
419 1981 542 2035 maxime
581 1999 652 2054 quae
679 1978 811 2034 adtdterii
832 1980 959 2034 damnata
985 1983 1062 2049 effer,

60 2081 199 2122 tractatur
240 2066 272 2119 in
305 2068 369 2138 jnrc
404 2069 542 2125 Romano,
582 2083 614 2118 ea
628 2082 732 2139 poenae
746 2066 839 2118 causae
854 2065 979 2127 veniret,
998 2084 1061 2124 rem

56 2150 217 2215 „adulterii
243 2150 399 2204 damnatam
429 2152 447 2203 fi
477 2148 541 2221 quie
581 2146 746 2203 haberemus
787 2150 949 2203 confectam.
1008 2152 1062 2209 Sed

58 2236 201 2298 „duxerit
221 2254 340 2288 uxorem
347 2246 365 2271 ⁸‘
384 2229 475 2310 (Dig.
491 2242 542 2304 48,
582 2232 712 2307 equidem
733 2233 764 2285 in
784 2232 955 2312 Schultingii
967 2253 1062 2293 aucto·

59 2335 89 2388 5,
106 2334 157 2393 29,
177 2321 222 2394 a.)
240 2336 298 2372 non
317 2318 404 2393 potest
418 2317 544 2371 inveniri
581 2318 664 2371 ritate
686 2318 842 2390 acquiesco,
873 2320 1000 2397 negantia
1020 2322 1062 2378 ul-

59 2406 90 2457 in
116 2402 211 2457 noslro
237 2402 309 2457 loco.
373 2402 443 2475 Quis
465 2399 540 2455 enim
582 2400 644 2456 lum
665 2401 695 2454 in
719 2416 796 2461 tota.
839 2422 911 2475 qnae
941 2406 1063 2479 supersit,

60 2489 135 2541 dicat
148 2491 212 2542 emit
224 2486 272 2541 hie
284 2486 338 2541 esse
351 2484 541 2559 accipiendum
583 2485 748 2559 antiquitate
756 2484 850 2539 locum
860 2489 978 2560 rapat-iri
987 2508 1063 2562 prae.

58 2592 113 2649 pro
134 2572 195 2625 ritu
216 2569 338 2645 nuptiali
355 2567 543 2624 coemtionis‘?
584 2585 627 2623 ter
656 2569 735 2624 Pauli
756 2572 897 2623 'Senteutu
935 2575 1061 2647 Recepit.

58 2664 151 2731 Quare
173 2654 266 2709 miror
292 2655 461 2728 Geeloynum
482 2651 544 2707 red·
586 2668 621 2713 2,
644 2652 699 2712 26,
725 2663 760 2725 ¹4
788 2653 838 2726 (p.
860 2666 917 2720 321
942 2656 1062 2730 Juriapr.

59 2744 175 2795 duritem
209 2738 257 2803 „il
294 2758 309 2793 a
343 2740 442 2813 epoule'
472 2752 543 2792 cette
585 2737 766 2807 Ante-Just.)
785 2741 862 2808 „qui
883 2752 977 2793 exacte
998 2758 1063 2815 poe·

60 2827 190 2887 „semme
211 2824 330 2897 quoiqu'
347 2823 400 2877 elle
428 2818 478 2876 etit
498 2822 543 2875 e'td
583 2840 674 2883 „nam
696 2820 827 2876 adulterii
848 2821 930 2875 nobie
956 2843 1063 2899 reprae-

60 2908 260 2970 „convaincue
275 2906 464 2961 d’adrilt'ere.·‘
490 2908 551 2960 Rei
585 2942 602 2967 „
611 2907 712 2967 semet,
737 2906 777 2959 ita
796 2920 830 2959 ut
851 2906 950 2961 srullra
965 2909 999 2963 de
1013 2909 1063 2964 illa

62 2996 110 3049 stat
131 3008 165 3046 ut
185 2996 250 3047 emit
271 2994 392 3065 (inquo
408 2989 544 3045 mittendo
584 2988 730 3048 „ulterior
760 2991 920 3045 inslituatur
953 2994 1064 3068 inquili-

62 3077 138 3131 nihil
170 3077 352 3137 tentandum,
400 3094 464 3128 cum
502 3089 546 3126 ter
584 3073 681 3133 ..tio.“
727 3073 809 3128 Nihil
824 3090 917 3129 antem
935 3078 977 3133 ibi
993 3082 1065 3151 ejus·

62 3164 150 3237 posita
170 3178 245 3221 vox,
273 3180 333 3213 non
353 3161 479 3235 potuerit
502 3172 545 3211 ter
585 3156 673 3209 modi.
716 3159 880 3229 Quanquam
899 3174 992 3216 totum
1009 3164 1064 3219 hoc

63 3245 229 3319 coimimpi)
251 3245 469 3319 interpretemur
484 3261 545 3296 con·
587 3242 680 3295 thema
728 3239 916 3295 scholasticum
973 3248 1064 3309 credo.

66 3332 148 3384 dtaxie
175 3325 253 3403 (scil.
283 3329 316 3381 ad
345 3326 484 3402 quaestum
508 3326 547 3379 sa-
587 3326 663 3399 quod
682 3326 785 3395 injure
808 3330 937 3381 Romano
956 3330 1064 3385 nnllam

64 3412 196 3469 ciendum
245 3418 386 3487 corpore).
447 3413 547 3484 Neque
586 3409 729 3485 propriam
765 3408 863 3463 habeat
898 3412 1066 3485 explanatio·

65 3500 142 3553 enim
170 3498 227 3553 hoc
256 3499 307 3572 qni
337 3498 436 3552 saceret
458 3496 487 3548 in
509 3494 549 3548 se·
588 3512 662 3553 nem.
726 3497 802 3568 Quae
834 3495 920 3548 verba
945 3498 975 3551 in
1004 3496 1066 3552 aliie

64 3586 140 3637 mina
162 3600 234 3657 qnae
256 3580 463 3636 materfamiliae
488 3596 547 3631 non
587 3577 669 3632 libris
694 3578 863 3648 adjiciuntur
885 3581 915 3633 in
938 3582 966 3636 Ιι.
988 3580 1008 3637 l.
1032 3581 1068 3637 de

66 3667 133 3721 esset
159 3666 264 3740 (qualia
291 3666 460 3720 honestatem
482 3662 549 3716 ami·
590 3663 856 3718 invitamenta
900 3668 958 3739 Ipsa
979 3668 1069 3721 varie·

64 3756 99 3808 sit
124 3751 256 3809 adulterii
276 3750 433 3816 damnata),
472 3747 549 3802 leno·
590 3762 630 3802 tae
645 3748 792 3821 scripturae
803 3747 917 3802 vitiatur
930 3750 1069 3807 ostendere

64 3838 136 3891 cinii
152 3854 216 3890 rena
233 3836 278 3915 agi
293 3850 411 3909 poterat.
452 3832 550 3886 Inhac
590 3832 721 3886 librarios
742 3834 798 3905 jana
821 3832 890 3888 olim
910 3836 1018 3892 haesisse
1039 3838 1071 3891 in

64 3924 127 3977 sane
149 3921 262 3975 ratione
282 3919 394 3995 plenior
415 3917 463 3971 illa
490 3918 552 3971 scri·
591 3915 673 3971 hisce.

64 4022 168 4081 ptura,
211 4024 296 4077 qnam
333 4004 400 4056 vide
431 4003 462 4057 in
490 4015 551 4054 not.

66 4093 151 4151 crin,
171 4090 305 4161 aptissima
323 4088 417 4147 suerit,
439 4101 479 4145 ut,
503 4084 553 4155 qni
637 4086 779 4159 quandam.
816 4091 994 4146 sliirmannue
1011 4110 1074 4147 con·

67 4175 203 4232 adulterii
226 4174 387 4230 damnatam
416 4170 553 4226 contluxe·
594 4169 660 4242 jecit
674 4173 822 4248 qnondam,
845 4174 992 4253 eleganter,
