2550 4718
134 222 137 229 ’
225 285 271 354 aa
452 266 517 338 tn.
544 268 647 345 aaa.
674 260 989 365 onrmmmr

224 457 526 548 contumeliam
554 454 623 532 sed
636 457 714 534 hoc
733 483 923 563 perquam
936 484 1047 551 raro,
1082 477 1128 538 ut
1143 463 1228 540 Asi·

193 575 315 657 ',nius
328 597 401 673 pro
413 573 602 648 Urbiniae
619 573 835 649 heredibus
846 575 1066 675 Labienum
1087 576 1227 653 adver-

100 754 103 765 .
148 748 149 753 1
223 687 315 763 sarii
333 703 546 788 patronum
571 691 676 764 inter
700 676 929 789 argumenta
946 691 1071 765 malae
1091 692 1225 768 causae

143 784 151 801 “
179 799 369 905 ²2posnit.
427 804 556 903 Negat
576 803 672 877 haec
694 799 768 876 eise
791 805 997 902 prooemia
1010 806 1271 885 cornelianae

225 916 382 1007 Celsus,
419 920 513 1016 quia
528 915 603 991 fint
621 932 728 990 extra
740 919 863 992 litem.
933 919 1010 994 Sed
1031 946 1106 1020 ego
1134 949 1227 1000 cum

50 1122 54 1129 .
212 1024 459 1117 ¹auctoritate
490 1031 740 1107 summorum
771 1042 977 1108 oratorum
1002 1037 1126 1135 magis
1150 1036 1227 1116 du·

169 1206 175 1225 .
227 1173 314 1236 cor,
360 1162 449 1221 tum
469 1138 668 1247 pertinere
691 1145 742 1220 ad
764 1145 919 1223 causam
941 1166 1064 1249 puto,
1108 1153 1226 1251 quid·

225 1262 328 1364 quid
352 1261 401 1334 ad
425 1259 623 1336 dicentem
639 1262 829 1361 pertinet:
865 1287 958 1338 cum
976 1254 1225 1358 innaturale,

224 1393 270 1453 ut
286 1374 434 1471 judices
449 1377 519 1465 iis,
557 1377 866 1475 quoslibentiua¹
880 1377 1069 1469 audiunt,
1106 1385 1227 1457 etiam

98 1504 100 1511 ’
181 1489 380 1579 *facilius
395 1490 565 1564 credant.
622 1489 747 1590 Ipsius
763 1508 893 1567 autem
912 1493 1118 1592 litigatoris
1135 1517 1226 1596 per-

213 1603 320 1685 sona
345 1605 544 1681 tractanda
570 1607 679 1682 varie
706 1604 771 1698 est,
830 1607 937 1684 Nam
951 1623 1038 1682 tum
1053 1607 1226 1710 dignitas

292 1899 339 1941 aa.
361 1889 443 1941 etiam
453 1880 575 1959 facilius.
616 1885 680 1940 Hoe
703 1885 801 1941 ordine
823 1880 919 1943 Turie-
940 1883 1029 1944 ooth.
1050 1892 1113 1956 (tae.
1127 1887 1224 1956 Gesn.)

210 1967 377 2044 >armetque
393 1989 469 2024 aneae
483 1968 663 2045 anteGryph.
679 1990 762 2045 quem
778 1971 998 2045 revocavitOba.
1013 1971 1117 2026 aooedit
1129 1971 1224 2027 Gttels.

224 2074 275 2133 per
297 2073 418 2108 errorem
441 2053 508 2106 dana
538 2074 569 2107 ea
591 2052 653 2126 fae.
678 2057 855 2110 Recentiorea
866 2054 931 2130 sac.
952 2061 1033 2112 ariam
1055 2055 1087 2110 in
1109 2074 1167 2130 quo
1188 2054 1226 2111 est

194 2134 196 2163 ¹
224 2140 362 2194 a'iieotatio
376 2137 411 2193 ab
424 2136 478 2192 stoc
491 2136 555 2192 iooo
567 2135 663 2192 aliena.

270 2377 318 2413 aa.
340 2353 446 2431 Afiniaa
471 2374 522 2432 pro
549 2356 638 2412 Urbia.
660 2355 705 2411 sre-
743 2352 855 2426 versum
873 2367 920 2416 aa,
937 2373 963 2416 a.
986 2366 1033 2424 13.
1075 2355 1105 2411 si
1126 2355 1225 2411 teatina

223 2441 281 2500 red.
325 2441 370 2498 De
398 2441 485 2497 Asinii
512 2440 645 2497 Posiiouia
675 2454 704 2495 et
744 2438 869 2511 ejuadem
890 2439 1013 2495 nominis
1031 2438 1171 2495 Labienus
1183 2442 1226 2494 in·

222 2525 341 2584 Labieni
361 2525 518 2580 inimicitiis
535 2524 570 2580 cs.
589 2544 615 2587 a,
629 2537 658 2592 5,
672 2534 701 2594 8.
744 2521 835 2602 telligi
848 2522 945 2598 possit.
967 2523 1110 2579 historicae
1133 2522 1226 2597 (quod

219 2612 308 2667 Causa
329 2609 398 2665 haec
419 2609 589 2670 Urbiniana,
618 2628 704 2682 quan·
744 2607 917 2686 oblongam,
941 2626 1011 2680 quae
1026 2606 1147 2661 Pollioni
1162 2627 1225 2663 con·

222 2708 283 2750 tum
297 2695 424 2774 cognosci
439 2693 527 2770 potest
549 2713 564 2748 e
583 2692 703 2754 duobus,
745 2693 828 2771 tigit,
864 2703 977 2746 aetatem
993 2691 1083 2745 everi
1098 2692 1226 2746 samiliru·

221 2778 326 2854 quibua
339 2793 477 2852 praeterea
495 2777 635 2857 tangitur,
663 2775 704 2831 lo·
745 2775 811 2830 (sine
838 2793 895 2830 uon
923 2775 1072 2846 abhorret,
1101 2790 1128 2828 et
1158 2775 1227 2830 haee

223 2863 263 2918 cia
283 2863 327 2933 (7,
348 2877 382 2923 a.
403 2875 431 2931 5.
456 2859 518 2930 26.)
540 2861 703 2932 huiuamodi
744 2860 818 2914 ratio
854 2859 991 2934 probatur
1028 2879 1043 2912 a
1079 2860 1225 2914 Bondatno

223 2945 282 3001 sere
308 2946 372 2999 suit.
436 2947 491 3008 sia,
524 2947 574 3019 qui
598 2943 644 3000 vel
668 2963 704 2999 ert
745 2946 815 3001 1Cto
840 2943 871 2998 iu
900 2945 980 3002 Varr.
1004 2944 1082 2999 Lacr.
1103 2943 1224 3018 (Zutph.

223 3029 402 3090 testamento,
443 3029 492 3084 vel
530 3029 704 3109 cognationia
749 3041 837 3102 t759.
861 3029 905 3099 8.)
926 3047 953 3102 p.
970 3032 1076 3104 3730,
1115 3027 1227 3083 habebi·

221 3114 302 3190 jure,
335 3132 445 3168 eernere
467 3112 573 3168 velient
597 3112 704 3169 heterii·
745 3130 808 3167 mua
838 3110 981 3165 hominem
1011 3111 1061 3166 hae
1090 3109 1226 3166 Panionia

223 3213 307 3254 tatem
324 3198 456 3254 Urbiniae
470 3198 631 3271 eujuadaun.
657 3216 705 3272 op
745 3192 888 3270 asperitate
919 3195 1054 3273 dignum,
1090 3197 1226 3268 quoniam

222 3284 316 3359 posuit
351 3286 377 3339 se
409 3282 549 3339 eluuntur
577 3280 703 3360 Figulat,
746 3282 821 3352 eiua,
859 3294 892 3332 ut
914 3282 1012 3334 seneca
1034 3293 1110 3351 pater
1133 3293 1227 3334 narrat

222 3368 274 3441 qui
294 3371 319 3423 se
339 3380 466 3422 mortuae
480 3365 571 3420 filium
587 3362 704 3425 dicebat,
743 3364 786 3439 (p.
799 3363 860 3438 Bip.
872 3361 946 3435 560)
966 3377 1049 3422 „erat
1065 3362 1170 3418 summa
1188 3368 1228 3433 ire-

171 3441 175 3445 ·
223 3469 286 3508 oum
303 3450 417 3506 heredea
438 3468 502 3505 eum
524 3451 634 3504 servum
652 3449 704 3503 effe
744 3448 874 3522 „samin
914 3448 1054 3501 summum
1096 3447 1227 3502 odium·

223 3536 437 3596 contenderem.
466 3534 581 3589 nomine
602 3535 705 3607 Sofipa·
745 3531 890 3590 Orationis
912 3529 996 3603 hujua
1014 3531 1143 3584 meminit
1159 3533 1228 3585 Dia.

223 3631 310 3673 trum.
366 3622 450 3673 Hune
469 3619 558 3698 igitur
581 3620 637 3671 stre
662 3617 704 3671 Fi·
744 3614 803 3695 log.
832 3615 866 3668 de
892 3630 973 3670 ornat.
994 3632 1017 3668 e.
1034 3624 1083 3683 38.
1105 3616 1155 3668 ubi
1175 3634 1228 3670 no·

221 3701 322 3781 guium
341 3704 398 3756 stra
412 3707 581 3777 Sofipatrum
595 3719 629 3757 eo
646 3702 704 3775 ipso
744 3719 810 3755 men
843 3698 965 3754 Urbiniae
992 3699 1072 3753 docte
1100 3701 1228 3773 reposuit

221 3788 254 3843 in
290 3786 425 3841 iuvidiam
466 3805 568 3841 vocare
614 3784 704 3840 studet
744 3787 863 3858 Lipstua.
906 3786 976 3837 item
993 3783 1132 3840 Charisius
1149 3783 1228 3857 apud

223 3869 331 3930 Pollio,
360 3870 437 3942 quod
457 3889 521 3924 enm
544 3885 634 3924 tantae
656 3888 704 3922 ue·
745 3867 852 3923 Putsch.
878 3886 902 3941 p.
926 3882 965 3942 59
991 3867 1039 3921 ubi
1063 3865 1226 3922 Bondamua

220 3953 327 4028 quitiae
352 3952 482 4014 homine,
523 3951 613 4026 qualia
638 3953 704 4007 esset
744 3958 758 4022 (
766 3951 784 4006 Ι.
802 3952 820 4005 1.
834 3971 862 4026 p.
873 3960 936 4018 22.)
951 3969 1002 4025 pro
1011 3953 1164 4024 provinciae
1179 3953 1225 4004 ste·

221 4037 378 4098 Labicana,
397 4038 623 4091 consuetudinem
638 4055 704 4090 con·
744 4036 850 4092 redibas
870 4036 980 4116 egregie
1000 4035 1127 4089 emendat
1149 4034 1226 4091 vrtt-

121 4144 126 4153 ·
222 4116 704 4200 “herimialareipsainaani-
742 4122 848 4179 niaeh.
