2550 4718
237 318 311 393 aot
415 374 421 385 ,
483 280 540 374 nl.
560 305 667 385 ,nin
699 302 1012 397 qutnTntnnt

233 490 442 591 scriptores
486 471 687 567 obser'vata
722 506 762 564 et
803 490 967 566 collecta
1007 487 1247 577 ediderunt·

235 608 362 701 Cujus
378 608 436 680 rei
452 606 634 706 probatio
651 602 724 692 est,
760 604 872 703 quod
886 606 1077 704 exemplis
1092 618 1238 683 eo'rum

233 721 438 796 veteribus
455 736 641 810 utuntur,
679 736 719 794 et
736 720 783 795 ab
798 720 1022 797 oratoribus
1039 720 1110 795 illa
1124 748 1239 824 repe·

234 853 343 925 tunt,
380 831 451 935 ipfi
472 837 633 911 nullum
653 861 830 924 novum,
856 850 915 924 et,
947 835 1061 934 quod
1081 858 1169 914 non
1187 836 1238 913 tit
1262 858 1266 865 ·

167 952 408 1038 indictum,
436 952 662 1033 inveniunt.
725 948 903 1027 Artifices
925 975 1020 1050 ergo
1041 951 1129 1040 illi,
1163 954 1237 1051 qni

233 1065 438 1163 dixerunt:
467 1063 536 1140 led
552 1066 731 1141 habenda
753 1066 816 1142 his
837 1091 1001 1166 quoqne
1022 1068 1148 1166 gratia
1167 1065 1234 1156 ett,

231 1207 304 1283 per
339 1204 440 1280 quos
475 1181 588 1256 labor
616 1181 733 1257 nobis
764 1179 819 1254 est
849 1180 1055 1256 detractus
1112 1183 1235 1272 Nam,

231 1322 334 1397 quae
360 1298 514 1397 priores
543 1290 737 1371 beneficio
765 1297 920 1395 ingenii
943 1294 1096 1395 singula
1120 1297 1233 1375 inve-

229 1428 400 1500 nerunt,
439 1410 556 1485 nobis
587 1425 627 1485 et
656 1436 741 1487 non
770 1408 863 1485 sunt
885 1410 1145 1511 requirenda,
1194 1428 1233 1487 et

228 1545 326 1605 nota
360 1526 504 1602 omnia.
563 1524 639 1601 Sed
681 1552 765 1601 non
797 1527 920 1625 magis
957 1525 1037 1602 hoc
1071 1524 1129 1603 snt
1164 1524 1231 1617 est,

219 1667 351 1742 ,quam
377 1640 604 1741 palaestram
627 1637 823 1728 didicisse,
861 1637 932 1713 nili
952 1666 1100 1740 corpus
1122 1666 1231 1717 exer·

229 1760 438 1844 citatione,
489 1757 755 1843 continentia,
803 1755 934 1845 cibis,-·
972 1772 1063 1831 ante
1095 1758 1225 1835 omnia

228 1889 367 1948 natura
395 1878 582 1965 juvatur,'
614 1867 710 1946 licut
731 1887 870 1945 contra
895 1894 947 1944 ne
968 1870 1038 1945 illa
1063 1870 1248 1971 quidemq

147 1987 316 2064 'inclutis
361 1985 441 2062 sine
485 2002 565 2061 arte
613 1983 850 2086 profuerint.
908 1985 1017 2063 Illud
1062 2012 1228 2087 quoque

226 2101 392 2180 studiosi
409 2103 661 2201 eloquentiae
677 2102 862 2201 cogitent,
886 2124 1020 2200 neque
1036 2104 1224 2177 omnibus

292 2382 381 2451 cujus.
422 2381 517 2437 Turic.
538 2383 635 2458 camp.
658 2381 804 2437 omittunt.
854 2380 924 2437 Non
944 2378 1033 2442 male,
1070 2378 1115 2438 [ed
1136 2378 1226 2458 magis

225 2484 278 2543 pro
294 2465 461 2541 Quintiliani
475 2466 610 2527 candore,
632 2465 696 2520 addi
711 2484 875 2542 pronomen.

288 2589 408 2627 utuntur.
451 2571 548 2628 Turic-
570 2574 667 2646 Camp.
691 2587 800 2626 utantur
821 2589 884 2624 cnm
909 2566 985 2625 Alm.
1037 2565 1129 2628 Male,
1158 2585 1227 2622 mox

224 2675 321 2713 omnen
335 2674 469 2731 repetunt.
636 2656 709 2733 quod
722 2676 776 2710 non
786 2656 826 2729 fit
841 2655 904 2708 dict.
936 2656 999 2708 noe
1014 2652 1113 2708 ordine
1128 2651 1225 2707 Turio.

224 2744 322 2816 camp.
332 2714 469 2815 *leliqni
485 2762 511 2818 q.
526 2740 554 2801 d.
568 2760 595 2793 n.
608 2736 636 2813 s.
664 2739 729 2807 cli
748 2751 815 2808 ¹²8·
833 2740 900 2792 item
915 2754 993 2794 mox.

289 2866 357 2906 121.
379 2872 454 2926 ergo.
493 2852 565 2910 Jenl.
579 2850 648 2905 Loe.
663 2852 733 2908 Ven.
752 2849 831 2904 Rnlc
846 2867 959 2925 qnoque.
993 2846 1048 2903 Sed
1061 2849 1149 2903 Tm.
1163 2867 1225 2903 cum

223 2939 304 2992 MSS.
326 2957 401 3010 ergo.
450 2935 554 3012 Regius
579 2932 658 2987 malit
683 2949 835 3006 utrumque
859 2934 943 3007 poni,
974 2931 1131 3010 refragante
1154 2948 1226 2987 recte

222 3020 321 3076 natio.
542 3018 591 3072 his.
634 3019 679 3073 sic
702 3019 797 3073 Turic.
820 3019 916 3089 Camp.
941 3015 1035 3071 Guelf.
1057 3034 1123 3070 cnm
1148 3015 1224 3071 Atm.

220 3120 250 3160 et
279 3105 341 3160 edd.
370 3116 433 3157 ente
461 3101 529 3157 Bul.
557 3120 615 3176 qno
640 3120 694 3157 acc.
722 3101 802 3157 Batil.
846 3100 960 3173 Reliqui
995 3102 1034 3154 iis.
1080 3100 1117 3153 el.
1136 3101 1153 3168 5
1175 3115 1222 3156 20.

219 3201 259 3257 5,
287 3199 341 3263 14,
365 3197 413 3261 54.
622 3185 661 3262 eft
684 3188 752 3241 decr.
795 3188 859 3240 Hoc
882 3184 981 3237 online
1003 3184 1101 3239 Turic.
1126 3184 1249 3257 campa

220 3292 284 3329 cum
299 3272 374 3329 Alm.
401 3269 516 3344 Reliqui
529 3270 557 3325 d.
574 3290 597 3324 e.
627 3268 779 3338 clinno,
809 3282 838 3335 5.
857 3288 903 3329 n,
922 3282 949 3337 5.

283 3396 356 3434 nota.
398 3373 610 3431 sueltnonea.
653 3374 749 3433 Solus,
772 3388 908 3447 qnantum
926 3371 1019 3427 video.
1058 3371 1112 3429 Sed
1131 3372 1223 3451 (ligna,

218 3481 288 3538 qnae
303 3462 476 3537 expendetur
490 3460 631 3533 scriptura.
679 3460 778 3514 Nescio
794 3459 862 3530 qnid
877 3458 967 3529 jejuni
983 3458 1013 3510 in
1028 3471 1147 3531 recepta.

278 3571 399 3638 juvatur.
442 3564 487 3619 Sic
500 3563 595 3619 Turio.
611 3562 705 3620 Guelf.
722 3564 819 3635 camp.
833 3579 897 3615 cum
913 3559 999 3615 Goth.
1016 3561 1089 3616 Alto.
1107 3560 1183 3618 Vols.
1196 3581 1222 3617 ι.

215 3653 317 3725 Neque
333 3644 424 3705 tamen
436 3648 493 3703 mei
506 3667 575 3701 mox
590 3647 767 3723 profuerunt.
795 3644 872 3720 qnod
891 3643 956 3700 dare
975 3643 1021 3701 illi
1035 3648 1190 3702 'ninantur
1206 3664 1223 3700 e

215 3738 314 3793 Burni.
348 3733 461 3808 Reliqui
467 3735 589 3805 juvetur.

158 3976 163 3983 ¹
261 4002 329 4043 ιω.
351 4004 379 4042 et
392 4005 446 4043 non
468 4014 510 4030 -·
531 3984 688 4063 requirenda
736 3981 833 4047 libris.
876 3997 905 4040 et
927 3978 1128 4059 universitatem
1149 3998 1221 4040 com·

214 4089 241 4135 nt
278 4091 342 4129 nota
376 4075 476 4129 omnia·
519 4074 557 4127 tn
591 4073 697 4143 copiam
738 4072 858 4127 mendet.
883 4069 943 4128 vid.
957 4082 1017 4125 not·
1033 4069 1099 4125 etit.

215 4155 409 4231 exemplorum
467 4156 497 4209 in
550 4153 711 4237 tlietornm'
1099 4174 1101 4178 ·
