2550 4718
158 322 233 390 550
395 306 456 402 iu.
476 309 579 378 rna.
608 306 928 401 oum‘ruuul

157 497 237 570 bita
262 496 415 572 ratione
440 493 703 596 fingerentur,
755 511 824 570 aut
852 493 1013 595 aliquid
1039 496 1084 571 in
1102 495 1162 574 his

98 674 111 699 ‚
157 610 303 687 serium
336 637 498 712 quoque
530 608 620 687 ellet
648 609 893 700 admixtum,
941 612 1162 711 plurimum

122 902 126 911 ¹
159 883 240 936 Anne
249 878 337 957 igitur
350 894 462 938 nornen,
476 877 551 951 quod
567 879 655 951 ajunt.
669 893 697 934 et
712 897 795 933 omen
810 876 914 932 habent
928 878 1006 932 diceet
1021 874 1094 933 ille?
1113 877 1161 934 ael

160 965 236 1040 quod
252 964 360 1017 tandem
379 962 698 1023 comminuendum,
731 962 808 1037 quod
821 979 931 1017 vocetur
945 963 1063 1034 quidem
1079 983 1162 1038 neque

157 1050 196 1126 fit
211 1046 325 1102 tamen?
362 1048 396 1100 cs.
413 1047 429 1114 s
449 1065 515 1121 ²⁰9·
559 1051 655 1126 Apage
671 1048 761 1127 frigus
776 1048 846 1101 istud
861 1046 927 1122 plue
944 1066 1034 1120 quam
1048 1047 1159 1121 puerile.

163 1128 250 1187 Porro¹
266 1134 339 1186 dicta
353 1131 439 1185 dicere
455 1149 537 1203 quam
553 1134 585 1185 sit
600 1131 717 1209 elegatis,
733 1132 782 1185 elii
796 1131 931 1186 viderint.
977 1130 1033 1186 Sed
1055 1130 1110 1186 ltoe
1129 1150 1160 1193 ue

163 1218 193 1271 in
210 1216 299 1273 Codd.
314 1216 439 1288 quidem.
483 1217 681 1288 Quareeu'tom
692 1215 873 1291 solebamus?
907 1217 990 1272 Num
1006 1216 1097 1294 igitur
1108 1218 1158 1289 jen

162 1322 219 1357 uon
242 1301 273 1353 fit
294 1297 394 1353 idem?
436 1299 580 1353 Praeteriti
602 1301 674 1359 retio
699 1301 786 1373 potest
807 1300 859 1353 elle
884 1299 915 1353 iu
936 1319 990 1360 eo.
1021 1300 1097 1373 quod
1117 1296 1159 1354 vel

162 1384 331 1441 consuetudo
355 1398 498 1461 tangatur,
526 1402 595 1456 quae
617 1383 704 1438 suerit
726 1382 892 1457 Quintiliani
915 1399 944 1438 et
964 1383 1158 1459 condiscipulo·

160 1470 226 1524 rum
257 1469 287 1521 iu
317 1467 415 1521 scholis
439 1465 533 1535 (velut
552 1487 577 1526 t,
592 1480 620 1535 5,
636 1481 685 1535 23.
703 1482 751 1540 24.
792 1488 816 1527 ι,
837 1482 951 1542 ¹⁰·39·
992 1472 1153 1535 5,12,17.)

161 1552 209 1609 vol
231 1570 291 1606 moa
311 1552 442 1623 antiquus
466 1555 659 1605 Rornanorum
680 1554 736 1623 jam
757 1550 893 1612 abolitus,
922 1552 976 1606 ubi
998 1547 1088 1606 tamen
1103 1570 1158 1626 per·

163 1640 267 1692 sectum
284 1637 376 1709 eptiue
393 1633 531 1703 (reluta,
550 1655 596 1695 10,
616 1657 641 1689 1.
665 1636 692 1694 6.
713 1657 738 1696 1,
755 1644 817 1704 35).
858 1637 1006 1701 Neutrum
1028 1636 1084 1693 buo
1103 1655 1158 1710 per·

163 1724 251 1781 tinet,
272 1740 335 1773 curn
351 1718 504 1773 Saturnalia
519 1734 545 1773 et
559 1721 666 1775 libertas
682 1719 728 1773 illa
745 1720 895 1775 Decembris
919 1724 1014 1789 (Hor.
1028 1725 1113 1775 Serm-
1133 1735 1158 1780 2.

164 1823 192 1874 7,
206 1807 240 1877 4)
255 1803 353 1878 procul
368 1802 454 1856 dubio
470 1805 630 1877 respiciatur
644 1805 674 1857 iu
689 1805 744 1858 istie
767 1808 843 1859 certis
866 1805 961 1859 diebus
976 1804 1068 1880 festae
1084 1808 1158 1860 beer»

162 1896 233 1951 tiae,
255 1908 324 1962 quae
344 1907 394 1941 nec
419 1886 570 1942 scholarum
593 1904 671 1942 eraut
692 1894 768 1957 (nam
786 1888 871 1943 seriae
883 1888 936 1943 isto
951 1894 1093 1964 tempore)
1113 1907 1157 1943 nee

162 1974 264 2029 abolita
289 1971 457 2046 Quintiliani
476 1987 571 2026 aetate.
631 1976 662 2026 ln
686 1988 760 2026 tanta
782 1971 963 2034 obscuritate.
996 1975 1100 2052 magia.
1128 1988 1156 2028 ut

161 2059 280 2132 aliquam
296 2072 387 2110 tamen
403 2057 564 2109 seutentiam
579 2055 789 2134 dispicerenuu,
820 2076 902 2130 quam
918 2058 952 2110 nd
968 2058 1155 2113 restituendam

161 2140 329 2217 Quintiliani
352 2159 479 2199 manum,
518 2138 586 2214 sunt
615 2163 646 2196 ae
673 2156 701 2196 et
719 2139 873 2215 solebamus
893 2158 1004 2197 mutare
1024 2144 1152 2221 aggressor

160 2228 230 2282 sum.
273 2229 316 2278 Ex
345 2224 396 2277 illo
424 2224 536 2277 fecerim
561 2223 651 2299 ficut,
688 2244 723 2279 ex
759 2224 812 2278 hoe
844 2224 1010 2300 serebamus.
1064 2234 1152 2305 Aegro.

160 2313 264 2368 fateor,
287 2309 432 2381 quitquam
448 2308 576 2360 admittet
588 2308 664 2362 illam
680 2307 882 2383 corruptelam
911 2309 942 2362 iu
963 2310 1016 2365 heo
1030 2312 1157 2365 -emendu

160 2396 237 2448 tione
253 2390 411 2465 scrupulum
428 2391 546 2444 eundem
564 2392 706 2453 inveniet,
728 2413 810 2466 quem
836 2394 999 2471 tetigimus,
1030 2394 1153 2470 t'eruporir

159 2476 311 2553 praeteriti.
362 2478 425 2529 Hoc
446 2474 559 2550 quidem
581 2476 618 2528 ita
643 2475 753 2531 emoliri
774 2478 847 2551 posse
869 2478 1008 2541 videarie.
1047 2482 1151 2541 lielierr

159 2566 296 2635 juvenum
314 2561 397 2612 modo
415 2559 493 2611 luisse
511 2558 588 2612 hosce
602 2563 678 2631 jocor
691 2562 721 2613 in
736 2560 941 2627 Saturnalibus,
963 2582 1036 2636 quot
1052 2564 1074 2618 se
1088 2581 1154 2637 quo·

159 2666 214 2720 que
226 2645 293 2700 olim
308 2646 411 2722 agitare
424 2643 583 2697 meminerit
599 2647 653 2718 Qu.
696 2645 747 2700 Sed
769 2646 896 2719 equidem
920 2651 1102 2720 praeteritum
1124 2644 1155 2701 rb

158 2751 193 2785 eo
213 2729 361 2805 probatum
384 2728 495 2787 rotrico,
518 2729 567 2800 qui
587 2728 756 2803 [ingerentur
779 2744 807 2783 et
829 2746 956 2803 poterant
979 2733 1053 2788 male
1075 2734 1156 2786 iuter·

156 2829 328 2891 preteretut,
353 2815 427 2885 quali
442 2812 476 2865 de
489 2816 621 2885 praesenti
635 2832 690 2866 uon
705 2815 786 2867 dicta.
830 2817 921 2888 Quare
945 2818 964 2869 li
986 2816 1058 2891 quid
1079 2815 1155 2871 licea·

159 2902 215 2954 tiue
238 2888 350 2976 grelsnri
374 2896 566 2970 permittatur.
605 2898 755 2952 scribemus
780 2899 831 2952 ita:
876 2900 979 2972 „Quin
1001 2902 1073 2974 ipsae
1096 2900 1154 2955 illae

158 2980 286 3054 ‚‚(dictae
295 2981 445 3055 sententian
460 2985 611 3051 vocantur)
634 3001 701 3055 quas
717 3002 740 3041 c.
757 2982 783 3042 d.
802 2985 821 3036 l.
838 2981 856 3034 l.
870 2987 1053 3053 jmulumurf‘
1074 2988 1154 3039 dictas

152 3066 303 3142 sententias
317 3062 405 3141 vulgo
421 3062 472 3116 effe
487 3063 633 3138 appellatae
647 3067 723 3121 hasce
738 3069 766 3119 in
782 3066 975 3123 Saturnalibus
997 3070 1154 3138 jocatione».

155 3153 241 3228 grntie
262 3151 354 3207 setino.
383 3167 473 3221 neque
494 3149 620 3211 aliunde,
655 3170 738 3223 quam
756 3171 791 3204 ex
806 3150 862 3215 ltoc
877 3152 937 3224 ipso
953 3151 1033 3213 loco.
1062 3152 1153 3206 didici.

155 3239 263 3288 Eodem
280 3234 368 3292 redit,
398 3235 490 3306 lipro
505 3230 571 3306 sunt
592 3256 623 3289 ac
646 3234 738 3289 scribis
747 3234 837 3309 sicut:
868 3235 916 3288 ubi
933 3237 1023 3291 dictae
1040 3236 1153 3313 appella·

153 3316 262 3372 buntur
277 3318 402 3403 eaedem,
425 3316 526 3389 inquo
542 3318 651 3371 facilior
665 3321 724 3373 sane
740 3320 776 3372 est
791 3320 924 3373 structura
938 3322 1056 3379 ..durae
1069 3328 1081 3393 (
1090 3326 1153 3376 sicut

152 3407 359 3468 „vocantur).“
407 3401 467 3456 Nisi
498 3402 571 3455 sorte
593 3404 697 3463 censet.
735 3401 800 3456 huic
830 3405 895 3457 voci
924 3406 1012 3459 dictae
1041 3403 1152 3479 aliquod

150 3486 314 3560 praesidium
345 3485 397 3539 esso
424 3487 454 3536 in
480 3484 564 3564 glossa
592 3486 641 3540 ilu
664 3486 737 3545 Vall,
799 3489 955 3542 Jnculmnar
984 3489 1150 3563 aptissimum

149 3569 381 3624 fueritverbum.
403 3569 436 3623 cs.
453 3570 532 3640 §42
549 3582 599 3642 45.
631 3590 660 3647 9,
678 3586 705 3631 2,
722 3586 769 3642 79.
798 3571 846 3625 ubi
869 3588 942 3626 recte
967 3576 1065 3627 Burni.
1082 3571 1150 3627 eble-

149 3668 196 3730 gat
214 3656 246 3705 ad
263 3657 373 3707 Petrou.
390 3670 412 3706 c.
433 3673 499 3725 ¹09·
523 3655 590 3709 Ciu
605 3657 647 3716 L,
679 3656 708 3707 in
731 3659 754 3709 Β
776 3655 850 3708 abire
870 3658 913 3719 L,
945 3661 992 3711 etsi
1015 3656 1148 3732 exeniplir

148 3735 230 3789 docet
255 3737 392 3791 Moreliut
416 3737 505 3791 Elem.
527 3741 561 3792 de
587 3742 714 3812 Crithue
728 3760 754 3812 p.
773 3754 821 3812 93.
844 3754 908 3810 ¹4⁰·
932 3756 1015 3812 141„
1036 3740 1165 3816 delpero‘

148 3832 240 3872 tamen
276 3840 435 3893 quenquam
470 3836 559 3876 tantae
599 3822 751 3878 mutationi
786 3824 964 3878 conciliatum
1009 3827 1061 3886 iri,
1099 3825 1146 3877 niu

145 3905 220 3956 cultu
250 3904 419 3965 advocetur,
456 3925 541 3960 verus
569 3906 616 3962 ille
645 3928 680 3962 ex
717 3908 843 3961 machina
879 3910 974 3970 Daue,
1010 3912 1145 3964 omnium·

142 4005 199 4060 que
229 3988 472 4051 emendationum,
517 3991 632 4069 ingenio
670 3994 840 4054 carentium,
885 3996 991 4049 vindex
1026 3995 1144 4069 praesen·

141 4070 268 4125 tissimue.
313 4076 408 4127 Potuit
431 4077 505 4129 enim
528 4079 590 4131 latre
614 4076 677 4152 casu
699 4076 830 4132 librarius
854 4080 970 4134 scribere
990 4077 1141 4155 solebamus

138 4173 191 4229 pro
200 4157 363 4225 jaculamur.
