2550 4718
118 321 162 369 vr
487 295 797 405 nnrronp

118 488 176 563 tio
201 487 281 561 loci
306 510 340 575 1,
363 491 403 581 4,
422 510 447 577 9
472 509 582 584 „qua
596 501 729 559 tamen
746 524 795 538 -
815 480 1118 581 quaefiliemus“

119 637 233 697 eruta
248 620 317 693 illa
334 646 356 693 a
372 622 479 695 Petri
492 618 652 695 Pithoei
665 615 857 707 sollertia,
893 634 931 693 et
955 621 1120 718 quidem

119 755 338 851 eiusmodi,
383 769 430 855 ut
455 752 734 832 commendare
773 776 861 825 eum
898 757 1036 854 peritis
1074 756 1120 831 lit

119 888 343 966 eorundem
357 888 509 981 judicio
527 890 716 983 iniuriam
732 885 880 962 fecere:
912 918 1023 986 ‚‚qua
1038 907 1122 964 tam

118 1049 283 1115 „carere
305 1028 500 1123 potuimus
524 1050 642 1123 quam
660 1021 758 1097 PSI
772 1048 847 1097 nnn
865 1030 1120 1122 quaer·imus.“

118 1162 250 1235 Unum
280 1161 433 1234 literam
461 1162 502 1233 P
528 1158 578 1233 de
617 1154 689 1233 suo
727 1154 883 1231 addidit
918 1158 1120 1248 Pithoeus,

119 1309 247 1368 cetera
282 1296 328 1369 in
369 1292 563 1395 scriptura
599 1290 726 1369 Codd.
766 1293 936 1391 reperies
973 1298 1119 1371 omnia.

119 1426 182 1505 Ad
199 1448 238 1515 5,
256 1435 294 1515 6,
306 1446 359 1519 93
380 1428 528 1505 oblitus
541 1423 630 1502 sum
645 1424 727 1501 Asc.
742 1427 924 1515 Pedium,
953 1432 1024 1527 qui
1037 1457 1122 1503 me·

117 1578 247 1639 morat
260 1566 373 1637 Bruti
390 1564 612 1639 orationem
627 1586 701 1662 pro
718 1562 876 1638 Milone
897 1588 935 1662 p.
960 1583 1048 1653 195.

224 1722 316 1797 'lam
338 1715 388 1791 ad
411 1718 501 1792 loon
526 1715 722 1815 quaedam
748 1716 871 1810 hujus
897 1716 1120 1793 voluminis

118 1850 281 1939 accedo,
310 1840 411 1949 quae
427 1852 689 1951 periculolius
709 1850 900 1927 laborant.
950 1854 1121 1950 Reliqua

118 1985 336 2063 tardiorem
350 1986 461 2059 illam
476 1989 737 2076 curationem,
749 2002 797 2061 ut
809 1984 976 2085 quidem
992 1986 1122 2087 spero,

119 2122 297 2223 opperiri
314 2134 516 2221 poterunt.

223 2288 259 2357 4,
283 2294 317 2349 tt.
340 2292 400 2359 29.
427 2276 574 2340 Debebat
595 2278 674 2359 peni
696 2278 786 2341 iocur
807 2300 847 2341 ex
868 2280 1049 2341 Deciatum.
1069 2278 1122 2342 ed.

118 2378 193 2463 Bip.
210 2400 244 2462 p.
261 2388 347 2459 304.
374 2380 495 2463 Vola.
519 2380 599 2443 Iure
619 2370 762 2460 facimus
783 2380 863 2441 illud
884 2411 935 2425 -
958 2394 992 2441 ut
1016 2400 1123 2441 rrarre·

121 2502 190 2543 mres
206 2484 239 2542 in
254 2481 364 2543 iisdem
379 2478 662 2543 declamationibus
684 2494 715 2542 et
738 2482 1006 2545 contradictiones
1020 2502 1122 2561 porra·

120 2604 191 2643 mus
222 2582 319 2643 etiam
352 2604 374 2643 a
405 2584 552 2663 petitore.
588 2582 645 2643 ubi
678 2582 756 2645 haec
787 2582 831 2644 eil
861 2584 991 2647 Aerodii
1026 2598 1143 2663 notar,

119 2678 263 2765 „Neque
291 2684 345 2745 liic
378 2684 467 2746 lorua
498 2672 616 2765 abique
645 2684 703 2745 llio
737 2684 859 2746 restitui
885 2688 919 2745 in
946 2682 1120 2749 institutio.

119 2786 205 2857 „iiix
229 2795 264 2863 4.
293 2804 360 2866 cap.
383 2801 415 2849 n.
443 2806 548 2867 neque
571 2785 625 2847 illa
646 2785 764 2867 abeque
787 2786 851 2849 hoc
873 2784 962 2847 facile
984 2786 1121 2869 intelligi

118 2884 261 2969 „poteil
314 2886 370 2949 Ait
390 2888 478 2949 enirn
504 2906 580 2949 eum
602 2906 727 2949 morem
749 2886 810 2949 elie
836 2886 1121 2959 Declamatoribus,

120 3000 185 3060 „tat
218 2984 322 3049 statim
354 2987 423 3071 post
456 2988 627 3051 exordium
662 2990 880 3051 narrationem
918 2988 1118 3072 subjungant.

119 3130 141 3160 „
152 3086 234 3149 Inde
253 3088 302 3149 his
324 3090 421 3150 etiam
439 3088 508 3151 ulia
527 3086 672 3160 libertas,
715 3101 752 3151 ret
774 3090 809 3151 ira
832 3088 939 3149 eodem
966 3088 1120 3151 declama·

119 3193 236 3263 „tione
259 3191 397 3271 primum
419 3181 500 3283 suo,
537 3181 681 3282 sectando
704 3188 796 3283 qrrast
820 3192 925 3272 partis
948 3182 1030 3282 suae
1049 3190 1122 3252 loco

120 3334 141 3379 ε,
149 3311 281 3353 narrare
291 3290 475 3355 videantur.
488 3325 532 3341 -·
548 3292 661 3375 Neque
673 3291 709 3351 id
715 3288 764 3383 fit
777 3304 943 3355 rronrecte.
970 3294 1016 3353 lta
1032 3294 1121 3353 enirn

119 3393 256 3477 „logo.“
306 3392 407 3455 Redit
428 3393 545 3455 eodem
566 3394 683 3474 duplex
708 3395 838 3477 negatio
862 3406 912 3465 et,
948 3413 1121 3475 quantuor

119 3496 154 3557 in
171 3506 260 3555 textu
275 3507 442 3567 tenemur,
470 3495 602 3577 simplex
616 3492 793 3556 affirmatio.

219 3644 254 3714 4,
275 3650 306 3705 2.
325 3632 384 3713 63.
405 3652 423 3698 e
445 3633 551 3697 codd.
571 3632 761 3698 inseruimus
776 3656 857 3697 cum.
911 3635 1017 3698 Habes
1033 3635 1120 3696 idern

118 3734 249 3799 laudato
266 3736 445 3800 Decimum.
462 3739 554 3801 loco:
586 3738 662 3808 „illi
675 3758 746 3799 cum
761 3738 931 3820 prooemio
944 3756 1120 3800 commune

122 3836 224 3919 ,‚ett“
240 3858 272 3921 p.
290 3839 413 3902 eadem.

219 3988 241 4057 5
256 3994 335 4042 extr.
361 3980 414 4041 Sic
438 3980 574 4045 debebat
594 3981 734 4046 ordinari
748 3993 854 4043 textus
869 3938 997 4059 ex'ipin
1011 3974 1120 4041 Codd.

119 4076 260 4163 vestigiie
283 4082 327 4143 ibi
349 4080 476 4165 posuit:
527 4085 592 4157 „ls
621 4096 730 4147 tamen
757 4082 921 4147 habendus
953 4076 1022 4173 ssis
1054 4099 1120 4141 mo·

120 4180 244 4251 ,.dua.⁸‘
