2550 4718
79 266 84 281 ’
141 402 145 409 ,
195 288 333 387 ’tnsn
362 303 831 410 onninamente.
903 339 1018 419 54¹5

16 526 114 606 ergo
133 528 218 581 non
236 501 402 592 semitis,
429 501 498 578 sed
513 508 681 606 campise
710 526 795 584 non
810 509 1021 613 uti‘fontes
1119 544 1122 548 ·

14 618 193 721 angustis
215 615 353 694 fistulis
378 621 642 719 colliguntur,
689 620 768 697 sed‘
785 642 832 700 ut
854 627 1020 705 latiffimi

13 762 153 813 amnes
179 735 271 810 totis
294 735 466 810 vallibus
491 733 610 825 fluat,
656 764 701 811 nc
725 736 798 813 fibi
822 744 952 833 viem,
989 744 1020 820 si

15 851 182 954 quando
214 876 300 927 non
333 852 545 952 acceperit,
586 850 711 928 faciat
778 856 887 954 Natta
919 860 1020 958 quid

80 1069 131 1124 δι.
160 1073 236 1129 ergo.
278 1053 324 1107 sie
343 1052 440 1108 Ttuie.
461 1054 557 1130 Camp.
577 1074 642 1110 cum
661 1055 737 1111 ntra.
784 1055 899 1131 Reliqui
924 1065 1018 1135 igitur.

12 1139 52 1201 ei.
68 1152 99 1207 5,
120 1159 168 1200 ao,
193 1147 242 1210 54.
426 1131 538 1213 semitis.
581 1141 675 1195 Turia.
694 1139 816 1215 fimentis
840 1142 904 1212 (sed
928 1164 944 1199 a
968 1148 1016 1201 sec.

12 1240 103 1280 manu
117 1222 266 1297 noslrum).
311 1220 386 1277 nlm.
397 1220 533 1297 sementis.
577 1223 612 1278 es.
631 1225 646 1292 i
665 1239 712 1297 29.
731 1225 797 1279 itetn
812 1225 901 1295 hatab.
940 1236 965 1265 '-

13 1332 16 1337 ·
77 1302 203 1383 latiffimt'.
247 1307 342 1360 Turia.
366 1305 505 1382 beutiffitni
526 1309 539 1378 (
547 1307 590 1361 sed
605 1327 621 1360 a
637 1309 685 1365 see.
701 1322 785 1365 ntanu
800 1311 937 1379 nostrum)
953 1332 1019 1368 eant

13 1390 107 1451 Goth.
122 1390 197 1446 alin.
215 1391 289 1447 Veis.
305 1405 332 1443 2.
352 1389 434 1445 Palat.
477 1390 560 1448 Nihil
581 1393 640 1470 agit
661 1392 825 1449 Gebltardut
840 1388 1018 1470 (Crepuudtl.
1046 1402 1049 1407 “

10 1494 44 1553 p.
61 1479 136 1545 ²¹3)
156 1475 257 1530 'mnlto
280 1474 434 1530 verborum
457 1475 572 1549 strepitu
592 1478 788 1533 commendans
810 1478 881 1533 hane
902 1482 1018 1556 seriptu-

11 1574 93 1623 tam,
114 1559 290 1636 improbante
310 1561 410 1613 Burm.
434 1579 516 1632 quein
532 1560 641 1615 videet
659 1561 692 1614 ad
708 1563 794 1619 ovid.
810 1566 908 1619 Amor.
927 1585 952 1625 ι.
971 1577 1018 1632 ¹5·

13 1648 66 1717 34.
229 1644 314 1715 fluat.
357 1645 451 1697 Tutie.
472 1646 579 1717 piuant.
604 1652 637 1714 (ι
659 1647 708 1701 sec.
730 1665 816 1700 manu
832 1649 938 1719 fiuant)
953 1666 1019 1706 eunt

12 1728 91 1786 Alm.
108 1727 183 1784 Voss.
203 1740 230 1781 2.
248 1727 358 1797 (Goth.
375 1726 451 1781 nulla
467 1729 590 1799 mentio)
607 1731 699 1801 fluent
714 1730 808 1786 Guelf.
827 1734 923 1807 Camp.

79 1815 221 1887 acceperit.
262 1812 376 1868 Gesneri
393 1811 514 1887 sphalma
532 1817 652 1888 aceepit,
682 1833 839 1888 quanquam
859 1815 915 1871 hoc
934 1818 1017 1891 ponit

10 1894 130 1957 Bubul.
147 1894 181 1951 ad
196 1894 269 1953 Veli.
288 1911 316 1957 a.
332 1910 360 1963 5.

79 1958 153 2035 niam
170 1981 234 2055 qaid
252 2010 290 2025 -
306 1978 518 2054 custodientium.
562 1981 608 2037 sie
629 1980 725 2037 Turia.
745 2000 809 2036 eum
833 1982 918 2038 Goth.
939 1982 1016 2039 Alma

11 2068 87 2128 letis.
105 2080 134 2119 et
148 2064 209 2118 eds.
225 2081 290 2120 ante
306 2068 402 2120 Burin.
420 2086 479 2119 exc.
497 2065 576 2121 Badii
592 2079 720 2137 utraque.
763 2068 798 2121 N.
821 2090 847 2143 q.
871 2052 947 2122 iliani
969 2072 1017 2123 nn'·

12 2156 79 2206 reris
95 2150 183 2222 legem
199 2165 251 2203 cet.
272 2153 368 2223 Camp.
386 2149 480 2204 Gneli.
511 2148 624 2222 Reliqui
639 2152 675 2205 N.
690 2173 716 2226 q.
729 2171 763 2203 m.
781 2151 856 2205 iiiam
872 2151 958 2224 segem
974 2182 1017 2196 -

11 2233 287 2310 persequentibus-
304 2233 525 2308 custodientibus.
554 2233 629 2306 quod
652 2234 704 2287 esse
726 2234 755 2286 in
770 2232 842 2290 Vall.
857 2249 951 2287 narrat
964 2239 1018 2291 Ba·

11 2319 94 2379 aliua.
117 2316 161 2371 sed
175 2336 190 2369 a
207 2317 299 2378 Valla.
322 2333 353 2371 ut
367 2319 514 2392 opinatur,
536 2321 695 2392 repositum.
722 2320 817 2390 Hujus
832 2317 887 2373 loci
901 2320 1016 2395 seriptu-

10 2421 70 2457 rant
86 2401 213 2478 designo.
244 2402 391 2476 respiciens
410 2402 442 2456 ad
465 2400 620 2457 ablativum
637 2402 668 2454 in
690 2402 750 2476 sege
766 2416 795 2456 et
810 2403 968 2481 genitivum
984 2405 1016 2458 in

10 2486 177 2563 participiis.
220 2490 253 2540 In
275 2485 430 2540 levioribus
457 2488 531 2541 enim
554 2483 645 2560 eliqua
668 2487 771 2540 horum
789 2486 857 2541 libb.
873 2486 909 2541 est
924 2488 1017 2544 diver.

10 2576 71 2627 litae
90 2590 106 2624 a
122 2589 167 2623 me
179 2588 254 2624 nunc
269 2572 383 2645 qu'nlent
397 2570 528 2650 neglecta.
579 2575 611 2623 In
636 2567 729 2626 Guels.
754 2570 882 2643 equidem
903 2570 1014 2626 nullum

10 2654 41 2710 iu
66 2653 221 2731 participiis
243 2676 257 2708 a
280 2657 401 2711 Gesnero
424 2655 569 2709 dissensum
595 2655 707 2709 notavi:
729 2673 780 2728 pet
795 2654 932 2708 incutiant
949 2672 1014 2731 pros

10 2738 103 2801 secto.
133 2757 196 2792 cum
220 2741 316 2815 Camp.
333 2739 452 2794 eundem
475 2741 503 2793 in
526 2742 627 2793 mireris
649 2736 747 2793 liabent
770 2748 901 2793 errorent.
936 2738 1013 2795 Roll.

10 2822 86 2881 selua
112 2842 226 2885 eorum,
263 2825 312 2898 qui
335 2824 476 2902 genitivos
499 2825 624 2884 servant,
658 2822 787 2897 isia'post
802 2818 860 2896 mis.
877 2821 1015 2878 uitiandas.

10 2903 115 2965 Badiu·
130 2907 185 2983 ipse
201 2908 275 2964 iliam
291 2907 408 2984 miserius
425 2909 511 2980 legem
526 2907 581 2960 dat.
623 2908 800 2962 Ptouotninit
816 2921 909 2961 tamen
922 2910 1014 2997 positu

10 3007 75 3047 ante
96 2990 155 3068 nais.
177 2993 299 3049 maxime
321 2993 398 3046 nitor
418 2992 449 3046 in
471 2990 623 3045 revocanda
644 2992 776 3065 scriptura
794 2992 1013 3048 ante-Badiam.

10 3072 108 3134 Nullis
131 3077 207 3130 enim
226 3077 361 3131 mechinia
384 3075 537 3131 ablativum
560 3074 590 3128 in
606 3076 759 3148 participiis
773 3077 874 3130 reseres
889 3072 924 3151 aad
937 3074 1015 3151 mise-

10 3165 68 3216 ritas
89 3162 107 3215 ll
131 3162 206 3215 iilam
231 3167 278 3231 (ut
299 3177 360 3216 tum
383 3160 419 3214 esi
440 3159 601 3238 legendum)
622 3160 793 3232 praemiseris
813 3158 1013 3234 comparativo.

10 3240 71 3303 Nec
93 3244 182 3320 potest
204 3247 254 3300 iiia
277 3247 325 3303 sex
347 3247 464 3320 spectate
478 3245 512 3298 ad
527 3262 611 3300 vocet
624 3244 780 3317 sequentes:
810 3240 967 3319 Propofitio
981 3264 1014 3299 aec

10 3418 41 3473 ts.
65 3431 204 3484 a.1.27.
226 3415 385 3479 sedimus,
408 3435 490 3491 quem
534 3414 643 3490 qualem
664 3414 711 3468 hic
735 3390 907 3492 agnoscerent
922 3414 1015 3468 dillin-
1055 3418 1057 3423 ’

10 3501 97 3555 niodo
113 3502 272 3580 designavi,
303 3501 395 3556 locum
419 3502 493 3576 opti·
534 3499 646 3578 guendo
676 3499 738 3554 satia
776 3498 926 3576 designavi.
969 3498 1014 3553 Est

10 3606 54 3640 tne
76 3586 217 3647 vindieat,
248 3580 373 3659 qni'nte
399 3586 492 3640 aelmo-
534 3587 581 3639 leae
603 3585 651 3638 isla
673 3584 761 3659 ipsunt
784 3581 854 3638 illud
877 3580 953 3656 qnod
977 3583 1014 3637 se·
1062 3580 1067 3590 '

10 3668 90 3730 nuit.
130 3669 276 3730 eruditus.
317 3671 492 3745 parenthesin
533 3669 649 3742 qnitur:
692 3667 872 3741 „Proposttio
899 3694 942 3709 -
968 3684 1013 3720 re·

10 3756 160 3831 propagati
197 3754 295 3827 jubent
333 3775 420 3830 usque
457 3754 493 3810 ati
533 3751 780 3829 „pugnantibnnu
800 3753 871 3812 Hoc,
888 3768 1014 3824 quoma-

10 3840 112 3914 egredi.
533 3838 657 3891 nisestiue
679 3851 807 3910 appareat
819 3836 898 3913 rigor
915 3849 944 3889 et
959 3850 1014 3890 tae·

53 3936 104 3990 3¹·
128 3923 199 3976 Nam
215 3923 407 3998 quial-sege.
439 3923 493 3978 nti·
533 3922 612 3975 dium
636 3936 784 3996 perpetuae
812 3919 897 3990 hujus
923 3919 1014 3975 obser-

10 4006 108 4062 seriam
124 4007 262 4061 serviendi
284 4009 365 4061 certia
389 4009 491 4061 artium
534 4005 664 4066 vationie,
678 4005 804 4078 nbrnptie
817 4002 913 4081 tarbis
926 4018 1014 4058 enun-

10 4089 121 4170 legibue
136 4088 284 4166 aliquoties
302 4092 438 4170 exagitat,
460 4106 493 4145 nt
534 4091 623 4144 cietur
655 4105 682 4144 et
719 4089 782 4145 solia
819 4087 1012 4147 nemu-tivit.
1115 4136 1124 4151 ,

10 4186 109 4248 4,·2.
131 4184 181 4245 85.
222 4176 397 4233 Strttcturam
421 4194 492 4232 veto
533 4176 728 4243 es.a,15,·a.
